2859 4909
295 341 359 411 132
665 351 962 410 emerenda.

747 490 797 546 Vs.
815 490 875 546 906.

442 616 570 703 φιλεῑς;
591 618 626 682 rt
643 581 704 681 οὖν
720 609 758 681 οὗ
777 614 963 701 κατεκλίνης
981 601 1008 678 ὦ
1026 619 1171 701 μυροίον.

358 752 479 839 Recepi
500 751 713 818 coniecturam
735 749 871 839 Engeri,
895 748 966 816 libri
980 749 1055 817 ¹fero
1077 740 1279 840 ὦμύρριον,
1304 761 1340 818 at

294 857 376 924 Rev.
394 855 482 943 Aug.
501 865 533 921 et
549 854 634 920 Iunt.
659 843 686 919 ὦ
704 858 884 943 μυρρίνιον.
927 851 1098 922 Dobrneus
1114 855 1338 942 Μυρρινίδιον

294 959 428 1027 coniecit
449 956 553 1024 deleto
576 946 618 1038 ὦ,
645 979 710 1024 non
737 954 935 1044 improbante
956 955 1135 1023 Dindorfio.
1178 956 1338 1045 Engerus

293 1062 397 1129 attulit
424 1061 523 1128 sohel.
551 1059 748 1149 Thesmoph.
773 1059 847 1127 289.
875 1054 921 1139 ὥς
946 1064 1004 1147 τῆς
1031 1058 1200 1148 θυγατρὸς
1228 1058 1338 1128 αὐτοῦ

293 1161 362 1233 κατ’
384 1151 554 1251 ἐπίκλησιν
577 1157 664 1231 οὕτω
683 1164 847 1252 (Χοιρίον)
868 1163 1083 1252 καλουμένης·
1106 1160 1178 1230 οἷον
1199 1165 1337 1249 βοίδιον

291 1264 316 1357 ἢ
339 1273 474 1357 χρυσίον
499 1262 521 1355 ἢ
547 1271 693 1355 μυριίον.
746 1266 842 1333 Adde
868 1265 1026 1353 Hesychii
1051 1265 1192 1354 glossam
1218 1265 1339 1335 Κατά-

294 1374 405 1459 λομον·
439 1367 479 1439 τὸ
505 1370 641 1457 μύρτον,
678 1392 774 1456 qnam
800 1369 845 1436 ita
869 1368 1084 1457 refingendam
1112 1392 1183 1438 esse
1208 1371 1338 1437 eonieoi

293 1471 390 1543 Κατὰ
407 1469 559 1562 λόγουτὸ
577 1465 736 1561 Μυρτίου.
757 1481 794 1539 ut
811 1473 851 1540 sit
869 1473 982 1540 cornici
998 1496 1109 1541 versus
1126 1474 1287 1561 particula
1303 1474 1344 1540 in·

295 1578 381 1645 huno
402 1599 532 1646 sensum
554 1576 790 1665 interpretanda
810 1579 862 1642 eie
883 1588 911 1642 et
932 1580 1052 1643 ratione
1072 1577 1224 1664 Myrtium
1245 1578 1336 1666 feeit.

295 1681 426 1749 Excidit
443 1689 564 1758 autem,
586 1680 673 1765 quod
691 1701 786 1767 saepe
804 1679 982 1758 usuvenit,
1004 1680 1231 1766 interpretatio.
1279 1680 1335 1746 Ad

295 1795 439 1852 nostrum
470 1803 599 1848 versum
628 1792 664 1848 ut
693 1782 835 1861 redeam,
871 1781 1015 1849 dubitare
1041 1792 1146 1850 tamen
1172 1784 1269 1871 coepi
1295 1784 1336 1849 de

295 1887 427 1954 veritate
461 1883 583 1974 Engeri
618 1884 816 1952 coniecturae
850 1886 1052 1970 quantumvis
1088 1886 1260 1974 elegantis,
1297 1908 1335 1952 ao

295 1989 404 2057 neseio
426 2012 468 2055 an
489 1988 680 2076 optimorum
701 1986 854 2055 librorum
876 1989 1031 2076 scriptura
1046 1991 1225 2056 revocanda
1246 1990 1289 2057 sit
1307 1979 1335 2055 ιῖ

294 2098 487 2181 Μυρρίνιον,
506 2090 593 2177 quod
609 2090 786 2179 legitimum
805 2102 854 2159 est
870 2092 1005 2159 nominis
1023 2097 1168 2181 Μυρρίνη
1187 2093 1335 2159 deminu-

296 2197 407 2263 tivum.
446 2194 500 2263 De
518 2215 582 2280 qno
600 2194 729 2260 sirecte
748 2205 862 2274 statuo,
881 2193 1035 2262 habemns
1052 2219 1171 2263 novum
1188 2207 1220 2263 et
1238 2197 1334 2264 valde

296 2297 500 2367 memorabile
522 2296 703 2385 exemplum
724 2296 853 2365 ultimae
874 2298 908 2364 in
929 2297 1065 2366 iambico
1087 2300 1227 2367 trimetro
1248 2300 1334 2368 solu-

296 2415 362 2482 tee,
385 2402 476 2469 ouius
498 2424 598 2468 unum
615 2400 734 2479 adhue,
759 2401 816 2466 sed
837 2401 923 2468 omni
944 2400 1131 2470 dubitationi
1148 2414 1333 2492 exemptum

297 2505 478 2593 exemplum
498 2502 664 2592 legebatur
689 2504 724 2569 in
749 2502 831 2569 Ran.
855 2504 948 2571 1203.
992 2503 1065 2571 Non
1090 2507 1197 2574 neseio
1224 2517 1331 2574 temen

296 2608 374 2695 quid
390 2609 472 2675 inter
488 2617 657 2691 utrumque
674 2605 780 2673 locum
797 2607 930 2674 intersit.

749 2809 798 2867 Vs.
816 2809 877 2865 924.
937 2823 940 2832 ’

391 2942 434 2999 M.
462 2929 547 2999 ἰδού.
583 2940 623 2999 Κ.
652 2932 825 3013 παπαιάξ·
847 2921 905 3019 ἧκέ
921 2957 976 2999 νον
993 2937 1117 3016 ταχέως
1134 2935 1235 3005 πάνυ.

360 3068 433 3137 Non
454 3079 490 3135 nt
511 3072 569 3136 cito
586 3073 699 3137 veniret
715 3068 883 3157 Myrrhina
900 3068 1068 3153 dicendum
1085 3081 1152 3138 erat
1170 3071 1331 3154 Oinesiee,

239 3161 243 3166 ⁴
298 3173 355 3243 sed
375 3184 412 3240 ut
433 3176 492 3240 cito
513 3175 634 3241 rediret.
678 3173 791 3258 Itaque
813 3161 919 3241 πάλιν
936 3196 994 3260 pro
1016 3172 1103 3242 πάνυ
1128 3175 1330 3244 scribendum

296 3277 422 3346 videtur
442 3276 494 3343 oll.
516 3276 594 3343 Pae.
614 3275 688 3343 845.
710 3277 767 3343 καὶ
782 3281 889 3344 ταῦτα
908 3274 1032 3364 δράσας
1049 3265 1106 3365 ἧκε
1124 3274 1211 3367 δοῦρ’
1227 3270 1332 3360 αὖθις

296 3383 407 3451 πάλιν.
452 3378 599 3447 Eandem
616 3378 657 3446 ob
675 3400 806 3445 eausam
822 3378 900 3445 Pac.
919 3378 994 3445 275.
1017 3402 1074 3467 pro
1097 3369 1154 3468 ἧκέ
1174 3407 1231 3450 νυν
1248 3384 1330 3467 ταχύ

297 3484 476 3574 scripserim
498 3473 556 3571 ἧκέ
577 3507 633 3550 νυν
653 3476 723 3563 τάχ’
744 3471 796 3549 αὖ.
840 3481 909 3549 Nee
930 3483 1016 3568 quod
1037 3483 1071 3549 in
1092 3484 1232 3572 Lysistr.
1257 3486 1331 3555 935.

295 3589 396 3657 habes
418 3583 499 3670 ταχὺ
521 3583 584 3675 γὰρ
607 3583 745 3673 ἔρχομαι
768 3593 818 3652 est
839 3588 898 3652 rito
915 3590 1018 3663 redeo,
1041 3587 1098 3652 sed
1116 3590 1207 3654 eitoto
1223 3614 1332 3675 presso

296 3717 339 3759 eo.
383 3691 466 3758 Ibid.
484 3712 559 3758 vero
577 3689 651 3756 912.
674 3690 730 3755 καὶ
751 3693 826 3767 πῶς
844 3684 896 3756 ἔθ’
916 3684 994 3777 tityri]
1018 3685 1085 3776 δῆτ’
1105 3686 1279 3776 ἆνίλθοιμ’
1300 3690 1333 3772 ἒς

296 3795 409 3873 πόλιν,
428 3793 484 3861 ubi
500 3793 698 3860 Brunekium
717 3802 845 3859 secutus
864 3786 903 3858 de
922 3787 1051 3876 ἔλθοιμ’
1068 3792 1167 3871 edidi,
1190 3806 1331 3881 praestat

296 3897 432 3964 fortasse
453 3897 507 3962 noi
530 3901 605 3976 πῶς
628 3892 671 3963 i'e'
697 3891 737 3961 ἂν
760 3890 839 3982 ἁγνὴ
863 3892 903 3982 δὴ
923 3889 1135 3980 'novitiora'
1160 3893 1194 3976 ἐς
1219 3897 1333 3978 πόλιν,

296 4000 358 4066 nisi
376 3998 494 4064 sufficit
510 4000 565 4064 καὶ
583 4004 657 4078 πῶς
675 3994 727 4065 ἔθ’
744 3994 822 4087 ἁγνὴ
842 3993 909 4085 δῆτ’
926 3993 966 4066 ἂν
981 3993 1151 4084 ἆνίλθοιμ
1168 3996 1202 4077 ἐς
1218 4000 1331 4082 πόλιν,

294 4108 329 4176 ,in
352 4125 452 4168 arcem
474 4105 669 4167 ascenderim.
718 4100 777 4168 Vs.
802 4101 874 4168 731.
899 4095 957 4168 oris
979 4097 1011 4169 sl
1030 4097 1149 4184 νιάλινς
1172 4097 1241 4169 ἀλλ’
1262 4099 1332 4191 ἥξω

294 4211 420 4290 ταχέως
437 4204 479 4271 ad
496 4197 563 4290 ἥξω
582 4226 600 4270 e
617 4203 878 4290 praecedentibus
896 4204 998 4272 πάλιν
1017 4204 1243 4272 assumendum
1263 4218 1323 4274 est.
