2859 4909
502 409 706 476 EQUITES.
1082 397 1129 464 59

98 567 223 633 intersit.
266 567 306 632 In
322 567 373 633 his
392 567 537 635 desidero
554 569 673 633 iustum
691 568 917 635 sententiarum
934 591 1065 648 nexum3
1087 591 1130 637 ne

99 694 196 757 nugas
211 681 316 757 ageret
329 682 424 757 poeta
441 670 517 737 clim
535 671 758 737 celeberrimus
775 672 809 736 in
826 672 935 760 populi
952 671 1130 738 Athenien·

102 775 180 839 sium
200 782 355 860 potestate
377 797 441 840 non
468 775 564 840 situm
591 785 671 854 crat3
698 775 805 860 itaque
832 776 941 863 ληρεῖν
968 774 1029 842 hoc
1055 775 1128 841 loco

102 877 200 942 minus
218 877 383 943 commode
400 877 520 943 dictum
537 878 672 943 videtur.
715 875 926 945 Scribendum
944 879 1057 965 opinor
1073 880 1129 944 acl

103 976 281 1067 μᾶκληριῖν,
304 1003 408 1065 neque
429 982 579 1046 miseram
602 990 633 1047 et
653 980 901 1070 inopemvitam
918 983 1047 1061 ducere,
1071 982 1128 1047 sed

104 1084 228 1149 nitidum
256 1094 287 1149 et
316 1083 399 1149 bene
430 1093 596 1150 coenatum
626 1083 710 1149 ludis
742 1084 905 1151 interesse.
949 1086 1058 1172 ληρεῖν
1088 1106 1130 1152 ex

105 1210 148 1252 vs.
165 1186 236 1253 531.
253 1186 316 1252 huc
334 1187 520 1253 translatum
538 1209 610 1254 esse
627 1186 761 1251 videtur.

544 1372 595 1429 Vs.
614 1372 675 1428 539.

123 1490 185 1562 άπὸ
205 1495 433 1581 κραμβοτάτου
458 1494 623 1579 στόματος
641 1494 778 1581 μάττειν
797 1492 1014 1576 ἀστειοτάτας
1036 1494 1112 1563 ἐντι-

486 1605 489 1609 ’
697 1603 800 1678 νοίας.

161 1717 307 1807 Eleganti
334 1720 513 1785 coniectura
538 1718 687 1784 Kiehlius
714 1719 875 1786 Mnemos.
897 1720 925 1785 Ι.
947 1742 979 1806 p.
1001 1719 1054 1784 49.
1081 1740 1131 1784 re·

102 1820 185 1886 finxit
214 1821 464 1911 κραμβοφάμοο.
516 1821 648 1888 Editam
680 1832 787 1888 tamen
812 1823 999 1910 scripturam
1025 1831 1132 1887 tuetur

102 1913 203 2010 glossa
218 1926 376 2013 Hesychii
392 1924 693 2014 Κραμβότατον·
715 1924 969 2015 καποριότατον,
989 1948 1070 2010 quae
1088 1925 1128 1990 ad

103 2027 179 2093 hunc
204 2029 309 2116 ipsum
334 2029 441 2095 locum
467 2027 693 2115 Aristophanis
720 2028 887 2094 referenda
911 2037 969 2095 est.
1016 2028 1130 2112 Itaque

105 2130 204 2215 στόμα
220 2129 368 2221 κραμβὸν
385 2155 450 2198 non
467 2132 629 2198 diversum
650 2143 699 2198 est
716 2156 736 2197 a
755 2131 863 2216 στόμα
879 2127 1027 2219 κατιορὸν
1044 2130 1130 2217 apud

104 2232 298 2301 Theocritum
333 2236 416 2315 VH,
448 2236 500 2302 37.
536 2236 592 2300 καὶ
625 2231 687 2322 γὰρ
724 2231 788 2321 ἐγὼ
821 2230 968 2321 κατορὸν
999 2238 1131 2300 Μοισᾶν

104 2360 211 2422 οτομα.

548 2508 597 2564 Vs.
615 2508 675 2562 546.

114 2609 236 2701 αἴρεσθ’
253 2608 344 2701 crispi
362 2610 449 2681 πολὺ
468 2609 506 2681 τὸ
526 2613 661 2701 ῥόθιον,
681 2606 925 2700 παραπέμψατ’
942 2605 993 2699 ἐφ’
1011 2608 1124 2678 ἕνδεκα

697 2740 839 2795 κοιταις.

164 2836 248 2920 Quid
270 2836 313 2902 sit
334 2836 420 2922 quod
437 2838 571 2904 undenis
593 2837 688 2903 remis
706 2845 834 2923 poetam
852 2836 965 2902 chorus
983 2837 1134 2923 prosequi

106 2938 203 3005 iubeat
227 2940 370 3006 nondum
397 2941 588 3029 explicatum
611 2966 630 3006 a
652 2963 812 3026 quoquam
834 2939 915 3017 vidi,
941 2962 1044 3024 neque
1070 2963 1132 3026 ego

11 3077 13 3130 τ
107 3065 151 3109 me
177 3044 354 3131 intelligere
384 3044 503 3125 fateor3
539 3044 747 3131 intelligerem
780 3042 807 3109 si
838 3038 928 3109 ἐννέα
955 3043 1133 3130 scripsisset

11 3157 13 3236 J
107 3156 204 3231 poeta,
227 3169 265 3213 eo
288 3147 373 3213 enim
394 3170 526 3214 numero
542 3148 664 3235 passim
682 3147 722 3212 ad
740 3145 973 3211 multitudinem
990 3146 1134 3212 indican-

11 3303 12 3324 t
110 3249 173 3315 dam
188 3259 321 3316 utuntur
339 3248 502 3334 Graeci.*)
545 3252 637 3317 Idem
658 3249 795 3315 Hesiodi
812 3271 890 3315 usus
913 3259 962 3315 est
984 3249 1134 3315 aliorum-

11 3341 13 3406 ῗ
109 3373 160 3436 que
177 3354 380 3440 scriptorum,
403 3377 443 3420 ex
460 3354 576 3440 quibus
594 3376 696 3442 pauca
713 3353 754 3419 de
771 3352 879 3417 multis
898 3351 1048 3417 delibavit
1064 3352 1134 3416 Lo-

11 3513 13 3560 :
109 3454 228 3522 heckius
248 3455 343 3523 Path.
361 3455 389 3523 Ι.
407 3480 438 3544 p.
458 3458 532 3523 212.
576 3458 747 3524 Praeterea
767 3457 802 3521 in
819 3453 1044 3542 Aristophanis
1061 3453 1134 3520 loco

11 3569 13 3654 l
110 3557 328 3626 dubitationem
345 3560 423 3625 mihi
440 3560 529 3626 inicit
546 3561 645 3627 oratio
664 3560 831 3647 asyndeta‚
855 3581 918 3643 qua
934 3580 998 3624 non
1015 3557 1063 3622 uti
1081 3580 1134 3623 so-

166 3781 195 3850 e)
211 3780 376 3836 Euststhius
390 3779 427 3835 ad
440 3780 475 3836 Il.
489 3799 518 3852 p.
533 3782 593 3852 180,
610 3782 652 3837 17.
672 3781 851 3852 reposcendus
869 3782 921 3846 ἔχει
935 3776 950 3832 ὁ
966 3779 1079 3848 ποιητὴς
1091 3785 1134 3848 τῷ

11 3903 12 3942 3
109 3871 178 3921 ἐννέα
196 3866 311 3939 ἀριθμῷ
330 3865 376 3919 διά
394 3887 426 3920 τι
448 3863 528 3923 ἄλλοι
551 3869 653 3935 αἰτίαι,
671 3864 708 3923 cis
731 3865 858 3939 λέγουσιν
876 3865 904 3919 οἱ
923 3864 1047 3930 παλαιοί,
1071 3866 1136 3919 οἷον
1203 3879 1205 3883 ’

108 3958 148 4006 τοι
162 3948 390 4027 ὅτιτιτράγοινότ
405 3956 462 4006 ἐστι
476 3952 650 4017 naiteinos,
669 3957 699 4005 ἐκ
717 3950 822 4005 τελείου
840 3955 891 4005 τοῦ
910 3957 973 4020 τρία
990 3952 1137 4023 γινόμενοε

109 4037 397 4095 πολυπλαοιοοθεντοε
415 4040 453 4095 eis
469 4039 582 4103 ἑαυτόν,
605 4036 673 4092 ἀλλὰ
690 4043 738 4091 καὶ
756 4035 801 4090 διὰ
818 4035 867 4093 τὰς
884 4038 997 4093 Moriens
1011 4067 1045 4078 -
1059 4037 1088 4090 οἱ
1106 4035 1134 4090 δ’

109 4123 181 4179 αὐτοὶ
198 4130 244 4178 καὶ
260 4122 297 4181 nis
312 4124 471 4196 neccessitas
486 4122 620 4194 περισσὸν
632 4123 684 4177 τὸν
702 4127 783 4176 ἐννέα
800 4123 983 4191 σεμνύνουσιν
1000 4119 1136 4192 ἀριθμόν,

11 4267 13 4280 Ι
108 4213 142 4267 εἰς
157 4217 227 4283 τρεῖς
245 4207 441 4283 διαιρούμενον
458 4207 583 4282 τριάδας,
603 4198 643 4263 οἷν
661 4210 761 4277 ἑκάστη
776 4208 860 4263 πάλιν
873 4208 949 4280 τριὰς
962 4209 1000 4265 sis
1011 4207 1136 4278 persidae

11 4327 12 4354 ;
108 4302 182 4366 τρεῖς.
