2859 4909
272 391 338 458 ’130
484 461 500 500 .
643 395 939 454 LYSISTBATA.

271 567 367 633 τερος
391 540 443 608 vel
469 543 800 626 καταπυγονίστερος.
844 537 918 604 Non
943 537 1075 603 dubium
1106 536 1203 624 igitur
1234 536 1317 621 quin

273 648 363 715 loeus
390 656 555 730 corruptus
582 642 637 722 ait,
664 664 747 730 quae
773 641 868 708 etiam
890 639 1034 708 Dobraei
1060 640 1216 708 sententia
1238 638 1314 716 fuit,

272 747 540 837 κατοπυγότερον
561 740 636 814 ποτ’
656 741 697 813 ἂν
719 740 805 813 εἶναι
826 745 1022 833 corrigentia.
1065 743 1215 811 Fortasse
1234 742 1317 808 seri-

275 853 416 921 bendum
437 847 559 938 ὀρνίων
581 844 655 918 οὗί’
675 844 787 918 ὁτιοῦν
808 847 1075 936 κοταττυγότυρον
1095 850 1188 935 γένος
1214 840 1316 912 εἶναι.

273 957 315 1024 In
341 956 485 1024 eiusdem
510 952 629 1022 oraculi
655 975 751 1020 versu
777 954 879 1041 primo
902 950 993 1039 (774)
1015 973 1075 1040 pro
1097 946 1316 1018 ἀναπτῶνται

275 1057 479 1127 scribendum
497 1053 720 1126 aiveinamma.

728 1278 778 1335 Va
795 1277 856 1333 801.

318 1422 375 1488 καὶ
394 1418 590 1510 Μυρωνίδης
610 1415 673 1508 γὰρ
695 1406 734 1505 ἦν
755 1413 876 1506 τραχὺς
898 1413 1050 1485 ἐντεῦθεν
1071 1415 1247 1501 μελάμπυ-

318 1523 377 1612 γός
393 1547 428 1591 τε
445 1534 517 1602 τοῖς
536 1519 672 1611 ἐχθροῖς
690 1515 826 1603 ἅπασιν,

319 1625 367 1707 ὣς
385 1626 421 1695 δὲ
438 1627 494 1693 καί
513 1629 678 1713 Φορμίων.

338 1778 515 1847 Verissime
540 1779 694 1846 intellexit
719 1778 870 1868 Engerua
895 1779 929 1845 in
954 1778 1065 1845 ultimo
1090 1776 1171 1865 pede
1198 1796 1318 1842 versus
1420 1779 1421 1782 ’

276 1882 409 1951 secundi
428 1882 610 1951 necessario
631 1883 750 1970 requiri
777 1881 932 1971 syllabam
953 1882 1097 1970 longam,
1124 1902 1221 1966 quam
1243 1880 1320 1965 qui-

275 1986 351 2053 dem
371 1986 417 2053 ita
437 1987 604 2053 restituere
625 1996 759 2054 conatus
784 1996 833 2053 est
854 1995 891 2052 ut
911 1986 1004 2053 tertio
1026 2006 1121 2052 versu
1140 1978 1209 2067 χῶς
1235 1983 1320 2048 scri-

275 2089 416 2159 bendum
434 2099 592 2170 eeneeret3
618 2112 683 2157 non
705 2088 801 2157 credo
822 2088 884 2157 hoc
905 2087 1032 2177 probari
1053 2109 1163 2176 posse,
1185 2086 1321 2152 vitium-

276 2217 338 2281 que
365 2194 472 2283 potius
498 2194 532 2260 in
559 2187 686 2261 lineata
711 2192 810 2260 latere
838 2193 997 2281 suspicor,
1024 2192 1076 2258 eui
1102 2192 1130 2258 si
1157 2186 1319 2258 ἀπαντῶν

277 2297 463 2378 substituas,
482 2296 577 2365 simul
595 2297 691 2363 etiam
707 2307 780 2376 τοῖς
795 2294 931 2385 ἐχθροῖς
943 2294 1040 2362 habet
1052 2294 1136 2362 unde
1150 2293 1319 2379 aliquanto

275 2402 390 2472 melius
422 2421 614 2489 suspensum
640 2400 681 2466 sit
706 2422 804 2486 quam
829 2424 850 2466 a
874 2399 1099 2486 μελάμπυγος.
1143 2396 1321 2463 Praeterea

275 2503 363 2573 favet
385 2504 460 2571 huic
477 2504 594 2571 rationi
614 2502 821 2591 proverbialis
843 2503 940 2570 dictio
963 2504 1036 2570 inde
1059 2501 1100 2570 ab
1117 2497 1320 2568 Archilocho

275 2609 407 2688 usitata,
429 2606 474 2695 μή
493 2631 548 2674 τευ
567 2605 785 2693 μελομπύγου
803 2607 915 2694 τύχῃς,
938 2606 978 2674 de
996 2629 1060 2692 qua
1076 2628 1108 2671 v.
1125 2595 1318 2692 interpietes

275 2710 434 2799 Hesychii
450 2733 481 2776 v.
500 2709 554 2798 Μή
572 2733 629 2776 τευ
647 2720 679 2776 et
697 2709 832 2776 Zenobii
845 2710 887 2789 V,
904 2711 955 2777 10.
970 2732 1105 2795 quorum
1121 2708 1318 2775 testimoniis

276 2812 357 2879 adde
372 2812 529 2880 comicum
542 2812 696 2878 incertum
711 2814 797 2900 apud
810 2812 1017 2880 Eustathium
1030 2813 1072 2878 ad
1083 2811 1122 2878 Π.
1131 2834 1163 2899 p.
1174 2811 1252 2890 863,
1262 2811 1318 2878 31.

276 2911 370 2984 οὕτω
388 2913 593 3003 talaicum>
611 2911 638 3002 γ’
655 2916 808 3000 ἐνέτυχες.
852 2916 903 2984 Ita
921 2916 1006 2984 enim
1023 2914 1228 2983 scribendum
1247 2925 1309 2982 est.

728 3135 778 3192 Va.
797 3136 856 3192 812.

621 3264 719 3353 οὗτος
738 3270 788 3363 ἄρ’
807 3271 825 3342 ὃ
847 3281 955 3359 Τίμων

620 3373 720 3466 ᾤχεθ’
736 3374 804 3447 ὑπὸ
822 3383 952 3463 μίσους.

338 3536 465 3603 Deeese
482 3532 674 3602 versiculum
693 3532 845 3621 strophiei
862 3555 973 3600 versus
987 3532 1158 3599 ostendunt
1176 3533 1319 3600 monuit·

275 3663 338 3726 que
355 3639 572 3717 Hermannua
590 3637 696 3704 minus
713 3636 796 3705 bene
813 3645 920 3703 tamen
937 3645 1010 3724 post
1027 3640 1147 3720 μίσους
1164 3637 1317 3704 lacunam

274 3742 434 3823 indicans,
461 3750 634 3829 cumpost
663 3744 772 3824 Τίμων
799 3739 952 3806 debuerit.
997 3738 1108 3808 Verba
1132 3740 1206 3828 ipsa
1232 3764 1318 3830 quae
1420 3779 1421 3782 π

275 3844 449 3912 exciden'nt
467 3846 544 3913 satis
563 3854 630 3912 tuto
647 3843 771 3910 restitui
787 3852 937 3930 possunt:

620 3970 719 4060 οὗτος
737 3975 787 4068 ἄρ’
805 3974 823 4046 ὃ
846 3984 973 4078 Τίμων

621 4083 680 4165 Ιείς
698 4078 798 4171 ἀγρὸν
816 4080 944 4172 ἐ’ρημουΙ

621 4181 722 4274 ᾤχεθ’
739 4182 807 4253 ὑπὸ
825 4190 954 4270 μίσους.
