2859 4909
308 365 373 433 142
676 376 973 436 LYSlSTRATA.

751 514 898 571 Ῡο.1295.

409 622 529 691 Λάκων
547 620 716 710 πρόφαινε
734 615 775 709 δὴ
793 618 833 689 αδ
850 626 979 706 μοῦσαν
998 617 1057 687 ἐπὶ
1073 623 1130 709 adp
1146 624 1234 688 νέαν.

370 741 459 809 Male
481 741 562 809 hacc
583 741 658 809 olim
681 740 769 807 chori
791 742 923 807 carmini
939 740 1218 821 continuabantur3
1245 741 1337 829 Lysi·

306 854 423 915 stratae
449 867 521 913 esse
546 843 701 912 intellexit
727 844 897 932 Bergkius.
941 844 1033 911 Idem
1060 844 1190 913 seclusit
1212 844 1336 922 Λάκων,

305 948 394 1037 quod
418 948 496 1016 mihi
521 948 706 1038 glossemati
732 970 845 1036 parum
872 947 974 1014 simile
1001 946 1134 1014 videtur.
1182 947 1337 1036 Equidem
1414 1019 1415 1026 p

306 1052 368 1121 hoc
393 1074 510 1120 nomen
536 1073 578 1120 cx
601 1051 727 1139 integro
753 1052 894 1117 trimetro
921 1074 1087 1139 superesse
1113 1052 1225 1128 credo,
1252 1053 1335 1118 cuius
1414 1071 1415 1078 ¹

305 1156 446 1243 quinque
475 1155 574 1243 pedes
605 1153 779 1221 exciderint
804 1154 919 1242 quibus
946 1153 1191 1222 Atheniensium
1218 1177 1337 1223 carmen

306 1259 541 1327 collaudaverat
557 1259 751 1347 Lysistrata.

751 1427 801 1483 Vs.
821 1428 897 1483 1316.

480 1528 549 1601 ἄλλ’
565 1529 624 1620 δ’γε
640 1531 745 1618 κόμαν
762 1531 1069 1621 παραμπυκίδδετε,
1087 1536 1160 1622 χερὶ

479 1636 600 1704 ποδοῖν
616 1659 653 1702 τε
670 1634 774 1723 πάδη.

372 1756 465 1825 Haec
482 1756 634 1827 librorum
652 1756 889 1844 scriptumest,
908 1778 1004 1842 quam
1021 1756 1205 1824 Bnmckius
1223 1757 1266 1823 ita
1282 1755 1337 1823 sibi
1414 1781 1415 1804 ³

306 1860 495 1929 emendasse
516 1860 602 1927 visus
620 1870 670 1927 est
686 1867 724 1925 ut
739 1858 999 1945 παραμπύκιδδέ
1014 1884 1064 1941 τε,
1080 1861 1155 1948 χερὶ
1172 1860 1335 1928 nodotum
1414 1847 1415 1914 Ϊ

308 1962 400 2051 πάδη
418 1962 539 2044 ederet3
557 1984 616 2031 nec
633 1961 758 2030 felicius
776 1961 992 2044 Hermannus,
1010 1963 1066 2049 qui
1083 1962 1335 2052 παραμπύκιδδε
1414 1981 1415 1986 ’

308 2067 435 2155 scripsit
457 2066 561 2135 deleta
580 2064 735 2154 particula
756 2090 802 2133 τε.
847 2067 935 2134 Vera
952 2067 1106 2154 scriptura
1123 2066 1250 2134 videtur
1265 2066 1334 2133 haec

306 2193 394 2239 esse·
472 2250 541 2324 ἀλλ’
558 2251 616 2343 dye
633 2253 738 2339 κόμαν
756 2254 1014 2344 παραμπύκιδδε
1031 2260 1074 2343 τᾷ
1088 2261 1172 2343 χερί,

473 2357 594 2427 ποδοῖν
610 2383 647 2426 τε
664 2357 767 2447 πάδη·

308 2480 464 2547 Nimirum
488 2479 699 2567 partiendam
721 2490 758 2546 ut
780 2502 875 2567 saepe
897 2479 975 2547 alias
1002 2480 1101 2568 (pleni
1126 2480 1334 2568 exemplorum
1414 2467 1415 2492 ³

309 2581 444 2650 Stabaei
474 2592 548 2649 suut
580 2582 722 2666 codices)
753 2605 795 2650 ex
820 2608 878 2651 ται
903 2583 925 2649 i.
953 2605 982 2652 e.
1008 2589 1051 2672 τᾷ
1076 2595 1259 2672 corruptum
1282 2589 1333 2647 est
1414 2585 1415 2594 ’

307 2684 444 2752 Mimine
466 2707 541 2752 vero
565 2687 638 2774 χερὶ
663 2687 785 2756 ποδοῖν
806 2711 843 2755 τε
865 2688 1014 2775 coniungi
1035 2698 1188 2775 possunt,
1210 2682 1333 2774 quodsi
1414 2695 1415 2752 J

307 2787 462 2855 voluisset
478 2796 582 2875 poeta,
598 2801 709 2878 χεροῖν
728 2790 917 2879 scripsisset,
934 2813 999 2858 non
1014 2797 1095 2879 χερί.
