2859 4909
259 354 326 420 200
589 362 961 423 EOCLESIAZUSAE.

261 508 380 574 omissa
397 506 469 572 sint.
511 505 678 593 Tyrwhitti
695 505 774 572 haec
792 507 973 572 coniectura
990 514 1065 579 erat,
1088 504 1143 588 qui
1159 502 1192 568 οἱ
1211 527 1298 589 ‹pav-
1413 473 1414 560 λ

261 610 393 695 λότεροι
413 608 548 676 delenda
569 618 601 674 et
622 618 695 695 post
715 620 806 675 τοῖσι
827 610 941 687 καλοῖς
963 607 1061 673 verba
1077 608 1131 672 καὶ
1149 618 1222 684 τοῖς
1239 629 1298 689 με·

261 713 375 799 χόλοις
390 710 536 777 addenda
548 710 760 777 existimabat.
795 712 837 779 V.
854 709 1060 777 Gaisfordum
1076 709 1118 776 ad
1131 708 1297 794 Euripidis
1413 707 1414 778 i

263 815 431 903 Supplices
453 836 485 901 p.
509 814 583 881 206.
627 812 775 879 Praestat
797 814 882 879 haud
904 813 999 880 dubie
1021 814 1100 880 haec
1121 813 1202 878 ratio
1220 811 1300 876 Hir·
1413 825 1414 902 ᾗ

261 918 454 1006 schigianae,
472 918 527 1002 qui
541 928 641 983 totum
655 917 716 982 hoc
730 918 786 982 καὶ
798 913 973 1005 τηρήσοοό
991 955 1033 966 -
1048 915 1081 982 οἱ
1095 913 1298 1004 φαυλότεροι

261 1021 359 1088 deleri
379 1019 493 1100 voluit,
520 1019 638 1086 frustra
665 1032 699 1084 ut
725 1019 872 1105 equidem
898 1021 1010 1107 opinor
1030 1021 1065 1085 in
1087 1019 1298 1105 δημοσίοισιν
1413 1013 1414 1078 ξ

261 1125 409 1205 haerens,
436 1146 518 1209 quae
538 1123 659 1189 nonde
678 1121 819 1202 διόδοις,
848 1122 905 1189 sed
922 1124 962 1189 de
978 1122 1114 1209 publicis
1133 1121 1296 1198 aedificiis,
1413 1131 1414 1148 ³

261 1229 294 1294 in
320 1227 435 1313 quibus
467 1225 606 1293 latebant
631 1226 685 1291 isti
708 1226 942 1305 παιδοπῖπαι,
977 1226 1182 1313 intelligenda
1214 1232 1296 1291 sunt.

262 1331 358 1415 Quod
376 1330 461 1396 idem
478 1352 509 1395 ν.
522 1328 553 1395 d.
573 1352 630 1416 pro
641 1333 853 1417 χαρίσωνται,
872 1329 958 1413 quod
972 1352 1047 1396 sane
1062 1329 1225 1396 soloecum
1239 1336 1295 1405 est,
1413 1339 1414 1350 ¹

260 1435 370 1520 reponi
384 1433 483 1500 voluit
494 1437 713 1520 χαρίσασθαι,
732 1432 816 1520 fugit
829 1454 902 1498 eum
914 1432 999 1498 idem
1011 1433 1075 1498 iam
1093 1433 1211 1499 multos
1226 1439 1296 1497 ante
1413 1455 1414 1528 3

261 1560 362 1604 annos
383 1536 563 1603 restitutum
588 1535 685 1601 ivisse
710 1532 891 1601 Porsonum
913 1534 999 1622 apud
1023 1532 1235 1602 Gaisfordum
1257 1533 1297 1599 sd

264 1638 377 1726 Suppl.
400 1637 465 1704 λλ.
492 1638 681 1705 Elmsleium
703 1637 746 1704 cd
771 1636 921 1704 Medeam
943 1662 975 1726 p.
1001 1639 1072 1704 119.
1117 1638 1296 1726 Reisiginm

263 1741 405 1807 Coniect.
440 1762 472 1827 p.
503 1740 556 1807 65.
609 1740 761 1807 Poterant
792 1753 899 1807 autem
933 1741 1012 1808 haec
1046 1741 1164 1808 leniore
1203 1762 1296 1826 opera
1413 1763 1414 1766 ¹

261 1842 435 1922 emendari3
460 1842 662 1909 scribendum
680 1845 766 1910 enim
784 1856 865 1910 erat:

303 1974 396 2030 ταῖσι
412 1964 539 2050 χοναιξλ
557 1965 635 2051 πρὶν
655 1960 694 2030 ἂν
712 1976 783 2043 τοῖς
802 1963 956 2053 αἰσχροῖς·
967 1967 1022 2031 καλ
1038 1976 1110 2043 τοῖς
1127 1975 1259 2049 μικροῖς

862 2073 1074 2154 χαρίσωνται.

262 2187 349 2254 Nihil
367 2185 564 2272 frequentius
583 2196 632 2251 est
649 2187 682 2251 in
700 2187 879 2269 codicibus,
904 2210 1000 2272 quam
1017 2199 1052 2253 ut
1070 2183 1109 2255 δν
1126 2198 1202 2274 post
1220 2187 1308 2272 rapis

262 2290 428 2369 exciderit,
457 2291 620 2355 utstatim
645 2311 693 2355 vs.
719 2290 791 2356 752.
835 2290 1005 2357 Praeterea
1031 2290 1127 2357 verba
1152 2288 1185 2355 οἱ
1214 2312 1295 2377 puv-
1413 2297 1414 2314 ³

262 2394 393 2481 λότεροι
423 2416 481 2481 per
510 2393 787 2480 interrogationem
820 2394 980 2474 efferenda
1010 2404 1041 2459 et
1072 2393 1215 2481 Blepyro
1244 2392 1295 2455 tri·
1413 2439 1414 2478 ,

262 2496 392 2563 buenda
409 2508 510 2575 erant,
535 2497 674 2562 oratione
692 2496 835 2563 similiter
852 2497 1049 2564 conformata
1065 2508 1099 2561 ut
1116 2498 1150 2561 in
1167 2494 1293 2561 Avibus
1330 2532 1332 2536 ·

263 2622 293 2664 v.
314 2600 408 2666 1500.

715 2768 764 2823 Vs.
783 2770 842 2823 645.

301 2867 322 2958 ἢ
344 2872 561 2961 Λευκολόφας
583 2872 731 2940 πόππαν
752 2899 794 2959 με
817 2875 925 2954 καλοῖ,
954 2871 1045 2940 ταῦτ’
1066 2870 1126 2961 ἤδη
1152 2870 1257 2940 δεινὸν

865 2973 1015 3045 ἀκοῦσαι.

327 3094 378 3160 Ita
399 3094 579 3161 Brunckius
608 3096 735 3183 scripsit
760 3116 818 3184 pro
843 3100 950 3177 καλεῖ,
978 3122 1072 3186 quem
1100 3097 1201 3163 secuti
1224 3103 1293 3163 sunt

263 3221 384 3277 omnes,
402 3199 602 3265 immemores
621 3198 667 3264 illi
683 3222 786 3285 neque
804 3201 901 3267 καλοῖ
917 3211 1001 3267 recte
1018 3200 1081 3266 dici
1098 3225 1154 3287 pro
1169 3203 1291 3283 καλοίη,
1413 3195 1414 3264 ζ

263 3311 295 3367 et
315 3304 410 3368 καλεῖ
434 3324 504 3368 esse
531 3301 686 3381 futurum3
714 3326 777 3387 qua
799 3304 831 3367 in
854 3327 888 3369 re
911 3304 965 3369 vix
989 3304 1051 3370 dici
1072 3314 1178 3391 potest
1199 3324 1291 3388 quarn

264 3426 360 3491 saepe
378 3405 477 3471 critici
492 3405 691 3493 impegerint.

712 3574 763 3630 Vs.
783 3575 843 3629 657.

307 3674 376 3744 ἀλλ’
399 3674 475 3745 οὐδὲ
494 3678 584 3745 δίκαι
600 3684 735 3767 πρῶτον
754 3677 895 3747 ἔσονται.
939 3689 1011 3747 ΒΛ.
1034 3682 1126 3747 τουτὶ
1145 3680 1181 3746 δὲ
1198 3679 1259 3747 πό-

867 3805 946 3860 οοας
964 3780 1146 3870 ἐπιτρίψει.
1219 3807 1222 3812 ·

328 3898 420 3964 Haec
442 3900 487 3966 ita
507 3901 702 3988 intelligunt,
727 3912 761 3968 ut
783 3901 995 3989 sycophantas
1019 3925 1058 3967 ex
1080 3926 1114 3968 re
1132 3902 1289 3968 iudiciaria

262 4011 429 4086 quaestum
451 4003 573 4087 cepisse
600 4004 714 4068 dicant.
759 4004 879 4071 Verum
907 4005 967 4070 hoc
993 4006 1120 4090 quidem
1147 4020 1208 4085 est,
1237 4003 1289 4071 sed

263 4105 295 4169 h.
314 4104 335 4170 1.
355 4103 440 4169 aliud
457 4104 585 4192 dicitur3
608 4108 700 4171 τουτὶ
720 4106 756 4172 δὲ
773 4107 902 4187 πόσους
919 4107 1016 4174 Fabri
1039 4110 1216 4175 emendatio
1233 4116 1285 4183 est,

263 4231 359 4293 quam
386 4207 486 4273 secuti
513 4218 586 4273 sunt
612 4230 732 4275 omnes,
780 4211 854 4276 Ald.
877 4213 971 4278 τοοτὶ
992 4212 1133 4292 πόσους,
1158 4224 1190 4279 at
1211 4213 1286 4277 Rev.
