2859 4909
350 372 865 432 russuoruosmzusns.
1067 358 1130 427 153

328 509 348 599 ἢ
366 509 504 597 μοιχοὺς
522 508 692 602 ἀπάγουσι
709 519 781 603 γῆς,

93 632 192 698 deleto
215 633 362 720 proximo
387 656 493 700 versu.
536 633 631 701 Nunc
658 634 753 702 ambo
779 657 905 715 versus,
932 634 988 719 qui
1013 633 1054 700 ab
1080 656 1129 712 so,

93 738 143 822 qui
159 736 319 822 reliquum
338 760 465 803 carmen
483 739 674 824 composuit,
698 737 795 805 scribi
812 761 877 805 non
893 748 1077 825 potuerunt,
1096 737 1130 802 iu

94 840 266 927 marginem
283 841 389 906 reieci.

544 1045 595 1101 vs.
613 1045 674 1099 390.

219 1173 290 1233 ποῦ
309 1162 341 1233 δ’
357 1162 431 1249 οὐχὶ
449 1162 646 1253 διαβέβληχ’,
667 1162 820 1255 ὅπουπερ
839 1166 984 1257 ἔμβραχυ

221 1268 306 1337 εἰσὶν
323 1275 458 1335 θεᾶται.

150 1407 267 1492 Neque
288 1412 373 1486 ποῦ,
395 1407 483 1491 quod
505 1407 630 1473 codices
652 1406 783 1487 habent,
807 1431 910 1494 nequo
932 1412 1021 1489 πώς,
1045 1408 1131 1493 quod

95 1510 264 1577 scholiasta
288 1509 434 1575 Platonis
457 1509 580 1598 Theag.
605 1534 636 1597 p.
661 1510 734 1577 127.
758 1533 785 1576 c.
808 1511 951 1598 praebet,
978 1511 1031 1578 hic
1053 1512 1131 1577 mihi

93 1613 163 1677 ferri
192 1636 293 1700 posse
324 1613 505 1692 videbatur3
540 1615 647 1697 itaque
679 1613 807 1700 scripsi,
843 1615 928 1700 quod
958 1614 1050 1681 unice
1077 1615 1131 1680 hic

94 1729 196 1802 aptum
216 1727 281 1796 est,
301 1716 408 1784 πόσα
427 1712 458 1783 δ’
476 1712 549 1799 οὐχὶ
569 1716 771 1802 διαβέβληκε.

548 1937 598 1993 Vs.
616 1938 677 1992 400.

482 2054 564 2126 ὥστ’
585 2058 705 2149 ἐάνπερ
729 2085 781 2139 τις
803 2062 906 2147 πλέκῃ

307 2160 387 2249 γυνη
407 2167 569 2250 στέφανον
587 2200 630 2211 -

154 2302 196 2365 ln
227 2299 280 2365 his
312 2296 433 2387 ἐάνπερ
463 2325 515 2378 τις
547 2301 660 2387 scripsi
689 2323 747 2387 pro
778 2297 835 2367 ἐών
865 2325 934 2380 τις,
970 2301 1022 2367 oui
1047 2304 1134 2387 quod

98 2403 256 2469 Kusterus
289 2402 451 2469 substituit
480 2427 501 2468 a
525 2402 695 2470 Dindorfio
724 2414 886 2491 receptum
918 2402 974 2471 ἐάν
1004 2409 1041 2492 γέ
1071 2432 1132 2487 τις,

99 2529 163 2571 eam
194 2506 237 2572 ob
271 2528 401 2571 oausam
432 2507 560 2593 probari
590 2529 655 2571 non
680 2517 800 2593 potest,
835 2507 922 2592 quod
948 2504 1005 2573 ἐάν
1030 2533 1066 2595 με
1092 2509 1134 2574 ab

99 2609 211 2676 Atticis
229 2632 297 2676 non
314 2609 417 2696 magis
435 2609 556 2675 dictum
574 2610 699 2675 videtur
711 2632 807 2695 quam
822 2604 901 2677 ὅταν
914 2635 951 2696 με
964 2621 996 2677 et
1010 2612 1133 2678 similia.

99 2711 261 2778 Bentleius
284 2709 342 2778 δάν
363 2717 415 2791 τίς
436 2736 519 2793 που,
546 2711 719 2778 Dobraous
742 2711 798 2780 ἐὰν
823 2718 881 2779 καί
905 2739 957 2793 τις
982 2715 1133 2794 tentabat,

99 2815 256 2903 Bergkius
276 2812 332 2882 ἐὰν
349 2819 416 2881 νέα.
458 2814 604 2899 Quorum
621 2815 691 2882 loco
709 2817 796 2901 quod
814 2839 875 2905 ego
893 2817 1052 2898 substitui,
1071 2842 1136 2886 non

12 2966 13 2971 η
99 2920 174 2996 adeo
194 2931 325 2997 certum,
344 2919 533 3003 quinetiam
552 2918 638 2984 aliud
654 2920 733 3004 quid
750 2919 851 2986 conici
867 2922 978 3007 possit.

553 3157 603 3211 Vs.
621 3158 682 3211 493.
760 3236 762 3239 y

228 3275 302 3346 οὐδ’
318 3273 378 3357 ὥς,
400 3272 478 3344 ὅταν
496 3274 636 3362 μάλισθ’
653 3275 720 3346 ὗπό
738 3304 797 3347 που
816 3281 997 3367 ληκώμεθα

226 3378 284 3469 τὴν
302 3376 408 3463 νύχθ’,
429 3379 536 3447 ἕωθεν
556 3382 700 3471 σκόροδα
719 3383 975 3468 διαμασώμεθα.

162 3519 228 3584 Pro
250 3519 446 3605 ληκώμεθα,
473 3519 560 3604 quod
586 3543 650 3586 non
676 3519 770 3587 video
796 3543 859 3606 quo
889 3531 982 3608 pacto
1008 3522 1137 3589 defendi

103 3624 215 3707 possit,
243 3624 396 3689 aoristum
418 3623 559 3707 requiro;
585 3623 722 3689 fortasse
747 3624 836 3691 locus
858 3623 1063 3711 interpolatus
1090 3638 1139 3693 est

105 3725 368 3809 scribendumque
395 3719 474 3791 ὅταν
500 3725 648 3809 μάλιστα
673 3726 910 3814 ληκησώμεθα,
943 3730 997 3794 nbi
1022 3743 1138 3797 noctem

106 3829 233 3894 ludendo
255 3840 284 3893 et
305 3829 429 3894 δαίδαλον
444 3828 591 3916 faciendo
611 3834 855 3916 εναιιεοηεώιπαε.
901 3830 956 3897 De
978 3836 1138 3902 nocturnis

105 3929 150 3996 his
165 3931 421 3996 muliercularum
436 3932 557 3998 deliciis
571 3932 628 3998 cfr.
643 3955 691 3997 vs.
703 3933 777 3998 797.
814 3933 957 4001 Verbum
971 3936 1140 4024 ληκᾶοθαι

107 4033 181 4099 nihil
200 4034 305 4100 differt
323 4057 342 4097 a
360 4034 534 4115 λαικάζειν.
579 4035 666 4100 Hinc
683 4034 869 4122 Hesychius
887 4040 986 4126 ληκᾶν
1003 4040 1140 4127 explicat

107 4156 161 4220 per
178 4133 264 4224 πρὸς
282 4133 369 4223 ᾠδὴν
388 4132 575 4224 ὀρχεῖσθαι,
594 4143 828 4223 περαίνεσθαι.
