2859 4909
272 349 336 413 926
695 360 881 419 PLUTUS.

272 507 406 588 βλέπειν
425 499 443 568 ὁ
463 503 618 580 Πλοῦτος.
666 500 819 588 Superest
837 514 872 567 ut
889 503 1022 568 alioruin
1041 506 1210 590 scripturas
1229 504 1314 568 affe-

274 632 350 686 ram,
370 629 504 691 quorum
514 605 687 671 Elmsleius
706 606 839 670 coniecit
857 601 915 693 ἀφ’
937 595 973 673 οὗ
991 604 1052 692 γὰρ
1072 603 1090 674 ὁ
1109 604 1192 686 θεὸς
1210 596 1313 685 οὗτος

275 707 394 796 ἤρξατο
416 711 565 792 βλέπειν,
594 708 752 795 Bergkius
772 724 877 774 autem
895 704 952 797 ἀφ’
974 699 1010 776 οὗ
1029 707 1090 795 γὰρ
1110 705 1313 794 ἀναβλέπειν

272 811 290 878 ὁ
311 815 456 892 Πλοῦτος
476 809 604 899 ἤρξατο.

341 916 402 983 His
426 916 549 1002 scriptis
569 914 660 981 video
679 913 865 1002 Adolphum
883 916 923 981 dc
941 916 1060 983 Velsen
1078 917 1161 982 hunc
1179 939 1312 983 versum

274 1034 436 1106 tamquam
459 1019 600 1106 spurium
622 1030 654 1083 ct
676 1040 715 1082 ex
737 1041 785 1084 vs.
808 1018 882 1085 968.
910 1020 1049 1086 effictum
1074 1021 1314 1108 proscripsisse,

274 1125 365 1191 cuius
399 1123 517 1190 criseus
553 1121 634 1187 hanc
669 1121 868 1208 potissimum
905 1146 1033 1190 causam
1064 1123 1187 1202 habuit,
1222 1126 1314 1209 quod

276 1251 324 1292 vs.
345 1227 438 1292 1272.
457 1225 498 1291 ad
517 1224 680 1311 Chremyli
697 1224 795 1292 verba
812 1232 846 1292 τί
863 1220 894 1292 δ’
911 1225 998 1294 ἔστιν
1016 1216 1043 1292 ui
1060 1229 1225 1311 baiarum
1243 1252 1311 1293 nun

277 1343 360 1396 recte
383 1354 402 1395 a
425 1328 586 1395 sacerdote
609 1327 742 1394 insertur
763 1333 796 1395 τί
817 1327 880 1417 γὰρ
903 1324 972 1395 ἀλλ’
992 1325 1012 1417 ἢ
1034 1336 1156 1413 κακῶς
1201 1330 1311 1414 Quam

277 1434 318 1500 ob
345 1455 489 1508 causam,
518 1432 621 1498 deleto
647 1431 701 1496 illo
728 1454 838 1509 versu,
865 1433 1027 1519 coniungit
1052 1438 1086 1500 τί
1111 1431 1173 1522 γὰρ
1196 1429 1264 1500 ἀλλ’
1290 1430 1314 1518 ἢ

278 1542 385 1615 καλῶς
407 1531 552 1603 ἀπόλωλ’
574 1531 640 1603 ὑπὸ
668 1536 767 1617 λιμοῦ
773 1564 784 1617 ,·
827 1534 999 1623 Ingeniosa
1025 1536 1103 1602 haec
1130 1538 1313 1603 coniectura

277 1653 341 1717 est,
363 1661 553 1725 quamquam
577 1651 662 1705 mota
683 1638 724 1703 de
742 1638 843 1723 primo
861 1661 954 1705 versu
973 1639 1127 1706 dubitatio
1146 1641 1191 1706 sic
1208 1662 1314 1706 remu-

278 1744 344 1809 veri
365 1755 484 1829 potest,
506 1752 542 1807 ut
564 1741 719 1808 scribatur
736 1747 769 1807 τί
787 1737 817 1807 δ’
834 1740 906 1809 ἔστι
923 1765 977 1809 σοι
993 1744 1158 1826 fictarum
1194 1742 1312 1828 quibus

278 1848 341 1911 ianr
367 1859 452 1910 recte
477 1845 609 1910 insertur
639 1850 673 1910 τί
698 1842 760 1930 γὰρ
793 1840 860 1910 ἀλλ’
890 1840 910 1931 ἢ
941 1849 1056 1923 κακῶς.
1110 1847 1161 1911 Ita
1193 1847 1313 1912 servari

279 1950 393 2036 poterit
410 1971 521 2014 versus
540 1947 708 2013 secundus.

636 2154 655 2188 ts
784 2154 804 2189 tt
932 2155 952 2189 ἤ

344 2329 462 2394 Litcris
476 2327 554 2393 haec
564 2327 748 2413 consignavi
762 2349 818 2412 per
828 2326 970 2393 brumam
981 2328 1053 2392 anni
1063 2330 1311 2393 MDCCCLXIL

281 2446 392 2517 postea
410 2430 543 2497 subinde
561 2429 726 2495 retractavi
744 2443 774 2494 et
793 2430 950 2516 supplevi,
973 2430 1078 2515 quoad
1100 2431 1135 2494 in'
1150 2430 1210 2495 hac
1227 2430 1311 2494 rale-

239 2549 249 2578 t
281 2537 389 2599 tudinc
408 2534 505 2599 licuit.

347 2790 485 2855 Berulini
504 2814 532 2853 u.
554 2788 830 2855 MDCCCLXV.
