2859 4909
288 364 352 431 102
743 370 866 430 AVES.

286 517 456 605 respondet
478 514 779 582 Pisthetaerus'aul
806 515 932 600 λῷστον
954 514 1014 598 μὲν
1037 505 1155 583 οὖντὸ
1182 516 1325 604 Φλέγρας

285 621 416 701 πεδίον,
435 640 517 705 quae
534 640 637 703 neque
655 617 702 683 sic
720 617 838 703 scripta
859 616 992 704 intelligi
1009 628 1157 705 possunt,
1176 641 1280 703 neque
1298 619 1324 684 si

286 725 372 811 λῷον
389 746 407 789 e
426 721 524 788 schol.
544 731 575 788 et
591 721 650 806 μὲν
668 715 690 809 ἢ
707 742 781 786 cum
798 720 1005 787 deterioribus
1023 721 1111 787 libris
1127 745 1277 809 reponas.

740 907 790 961 Vs.
809 907 869 962 843.

417 1014 539 1102 κήρυκα
558 1013 594 1081 δὲ
612 1018 750 1100 πέμψον
768 1010 901 1098 τὸνμὲν
924 1010 957 1091 ἐς
975 1010 1078 1093 θεοὺς
1095 1009 1176 1096 ι’ίνω,

418 1116 528 1208 ἕτερον
548 1112 579 1183 d’
597 1112 729 1184 ἄνωθεν
748 1105 790 1184 αὖ
808 1111 887 1204 παρ’
904 1111 1118 1205 ἀνθρώπους.

350 1238 563 1305 Marklandus
580 1236 696 1326 κήρυκε
713 1234 863 1324 scripsit,'
877 1236 964 1322 quod
984 1248 1109 1324 praeter
1125 1239 1322 1305 Brunclrium

287 1343 414 1428 sequuti
445 1352 521 1409 sunt
550 1340 739 1407 Dindorlius
770 1351 801 1406 et
827 1341 998 1429 Bergkius.
1050 1342 1204 1409 Fortasse
1230 1352 1320 1419 recte,

286 1468 479 1531 quamquam
496 1445 560 1511 iam
574 1445 737 1512 Homerus
756 1443 898 1510 similiter
914 1444 1039 1511 locutus
1058 1456 1106 1512 est
1121 1444 1188 1513 Od.
1204 1446 1235 1524 5,
1250 1444 1319 1512 265.

285 1546 320 1616 ἐν
349 1548 385 1615 δέ
412 1547 444 1616 ολ
471 1544 570 1615 ἀσκὸν
597 1546 697 1636 ἔθηκε
721 1544 789 1614 θεὰ
810 1549 950 1631 μέλανος
974 1547 1077 1616 α’ίνοιο
1097 1549 1102 1634 Ι
1120 1547 1180 1617 τὸν
1205 1548 1319 1638 ἕτερον,

287 1650 398 1740 ἕτερον
417 1647 448 1718 δ’
465 1646 588 1730 ὕδατος
603 1655 716 1738 μέγαν.
752 1650 851 1717 Plura
869 1642 1011 1718 eiusdem
1029 1654 1156 1740 generis
1176 1654 1266 1719 attuli
1282 1653 1321 1718 ad

285 1753 457 1820 Menandri
475 1764 507 1819 et
524 1754 662 1820 Philem.
680 1754 785 1839 Reliq.
803 1777 835 1841 p.
853 1754 928 1821 393.

739 1942 790 1997 Vs.
808 1942 868 1996 856.

500 2046 561 2115 ἰ’τιο
581 2047 641 2114 'abac
661 2046 697 2114 δὲ
714 2044 845 2126 πυθιὰς
861 2043 927 2133 βοὰ
944 2052 1028 2134 θεῷ,

503 2149 669 2239 συνᾳδέτω
689 2149 726 2217 δὲ
743 2160 865 2238 Χαῖρις
884 2145 983 2237 ᾠδάν.

353 2271 542 2338 Chaeridem
561 2293 625 2337 non
642 2280 763 2336 tantum
783 2270 958 2349 tibicinem,
981 2272 1038 2337 scd
1056 2272 1151 2339 etiam
1170 2275 1318 2341 citharoe-

286 2376 363 2444 dum
384 2375 499 2453 fnisse‚
524 2384 704 2441 auctorest
728 2374 897 2441 scholiasta
919 2375 961 2441 ad
982 2374 1122 2442 Acharn.
1148 2378 1201 2445 16.
1224 2378 1319 2443 idem·

286 2502 348 2565 que
367 2479 546 2547 subindicat
569 2499 646 2543 sane
663 2476 870 2544 Pherecrates
894 2477 986 2546 Com.
1005 2502 1110 2566 graec.
1128 2481 1177 2546 Π.
1196 2505 1228 2568 p.
1247 2480 1315 2546 257.

285 2583 360 2649 Hoc
378 2593 484 2648 tamen
505 2581 576 2647 loco
594 2581 756 2647 tibicinem
775 2603 845 2647 esse
867 2581 982 2648 docent
1004 2585 1169 2667 sequentia
1193 2589 1316 2651 παῦσαι

286 2681 327 2754 σὺ
346 2691 472 2773 φυσῶν.
516 2684 612 2749 Hanc
630 2684 671 2751 ob
689 2707 819 2750 causam
842 2684 947 2771 recepi
970 2707 1065 2771 quam
1084 2709 1125 2752 ex
1141 2686 1315 2755 Hermanni

286 2787 413 2854 schedis
438 2787 517 2852 mihi
539 2786 701 2874 Hauptius
729 2786 941 2873 suppeditavit
967 2789 1221 2857 emendationem
1247 2813 1317 2857 σον·
1350 2825 1352 2834 1

286 2892 427 2958 αολείτιο
460 2889 496 2957 δὲ
522 2899 642 2977 Χαῖρις
675 2886 757 2979 citici.
813 2889 988 2958 Confirmat
1014 2892 1075 2958 hoc
1102 2917 1216 2961 versus
1242 2893 1316 2959 anti·

285 2993 421 3062 theticus
443 2994 517 3061 902.
540 2993 662 3079 γένειόν
684 2989 711 3059 τ’
732 2991 803 3060 ἐστι
824 2995 880 3060 καὶ
901 2999 1029 3080 κίρατα.
1074 2996 1126 3062 Ita
1143 2999 1228 3063 euim
1248 2996 1315 3063 libri

284 3083 412 3177 habent,
431 3121 496 3165 non
509 3096 633 3185 γένειόν
646 3096 727 3165 ἐστι.
772 3096 941 3164 Praeterea
953 3100 1060 3165 nescio
1075 3124 1117 3166 an
1129 3096 1315 3167 ὑπανλιίιο

286 3202 488 3270 scribendum
512 3203 567 3281 sit,
590 3201 677 3287 quod
699 3201 825 3288 proprie
843 3201 957 3268 dicitur
979 3201 1019 3268 de
1041 3202 1168 3270 tibicine
1192 3215 1314 3272 cantum

286 3307 363 3373 tibia
381 3306 560 3373 comitante.

737 3489 786 3545 Vs.
804 3491 865 3544 864.

521 3592 660 3679 εὔχεσθε
677 3601 716 3684 τῇ
736 3592 830 3684 incip
846 3601 885 3684 τῇ
904 3592 1073 3685 ὀρνιθείῳ.

348 3719 435 3784 Ante
465 3719 524 3784 has
555 3738 665 3802 preces
696 3716 832 3782 fortasse
865 3716 1014 3783 sollennis
1041 3718 1178 3784 formula
1203 3717 1314 3785 excidit

285 3816 432 3909 εὐφημία
446 3816 539 3888 ἀνω.
576 3820 616 3884 ln
628 3820 699 3905 ipsa
711 3820 892 3906 precatione
904 3833 976 3908 post
991 3818 1149 3908 ἑστιούχῳ
1163 3822 1312 3888 excidisse

283 3923 381 3989 verba
398 3924 454 3988 καὶ
470 3922 657 3990 Ποσειδῶνι
673 3913 725 4009 τῷ
739 3923 961 4011 Σοονιεράκῳ,
987 3934 1019 3989 et
1040 3946 1122 4008 quae
1140 3926 1244 3991 statim
1260 3923 1313 3989 ad·

283 4027 400 4092 duntur
421 4027 478 4091 καὶ
500 4020 625 4114 ὄρνισιν
644 4021 831 4108 Ὀλυμπίοις
857 4028 912 4093 καὶ
932 4023 1125 4115 Ὀλυμπίῃσι
1151 4034 1236 4095 πᾶσι
1260 4025 1310 4091 καί

283 4128 430 4218 πάσῃσιν
457 4129 491 4194 in
517 4128 614 4193 finem
640 4130 829 4215 precationis
856 4130 1014 4196 reicienda
1040 4141 1166 4197 etanta
1188 4156 1217 4198 v.
1240 4128 1309 4195 578.

283 4233 413 4302 διδόναι
423 4242 482 4299 etc.
497 4231 645 4320 ponenda
658 4253 729 4296 esse
743 4232 874 4319 pulchre
883 4234 1035 4300 intellexit
1044 4236 1191 4301 Kockius
1200 4234 1307 4299 Exere.
