2859 4909
710 354 871 412 RANAE.

718 491 768 549 Vs.
787 492 864 546 1422.

384 620 517 703 apricos
537 615 596 701 μὲν
615 606 672 682 οὖν
690 617 770 704 περὶ
784 609 988 700 Ἀλκιβιάδου
1006 610 1064 681 τίν’
1081 613 1193 697 ἔχετον

383 717 513 807 γνώμην
532 715 701 807 ἕκάτεροςς
719 714 737 783 r‘
758 716 857 796 πόλις
874 714 936 806 γὰρ
955 717 1115 785 δυστοκεῖ.

342 845 429 915 Satis
447 846 631 914 mirabiliter
646 847 767 913 dictum
785 855 834 913 est
847 845 1007 926 δυστοκεῖ,
1026 846 1110 931 quod
1126 869 1203 912 cum
1217 847 1314 935 signi-

278 952 351 1018 ficet
367 963 467 1040 partu
489 952 624 1029 loborat,
647 972 711 1017 non
733 950 875 1037 intelligo
896 971 961 1035 quo
981 948 1015 1014 id
1031 959 1124 1035 pacto
1146 950 1224 1017 huic
1245 950 1315 1017 loco

277 1054 509 1122 accommodari
542 1054 654 1140 possit.
717 1053 932 1140 Intelligerem
968 1052 996 1118 si
1035 1053 1191 1140 scriptum
1231 1062 1314 1120 esset

279 1159 443 1241 διστομεῑ,
468 1157 609 1244 cmbiqae
631 1158 775 1243 loquitur.
819 1155 930 1241 Neque
953 1154 993 1221 de
1011 1156 1220 1241 sequentibus
1239 1156 1314 1222 mihi

281 1261 359 1327 satis
377 1269 514 1326 constat:

366 1380 431 1464 ἔχει
450 1380 487 1447 δὲ
504 1381 583 1468 περὶ
601 1374 701 1446 αὐτοῦ
719 1384 794 1446 τίνα
810 1378 956 1466 γοώμηνς
999 1387 1113 1447 ΔΙΟΝ.
1135 1386 1230 1463 τίνας

365 1489 474 1551 ποθεῖ
488 1488 560 1568 μέν,
581 1479 732 1567 ἐχθαίρει
750 1482 801 1561 δέ,
818 1481 974 1566 βούλεται
992 1483 1024 1549 d'
1040 1481 1133 1566 dycta

278 1606 319 1671 In
344 1604 460 1690 quibus
486 1626 544 1690 pro
570 1607 643 1670 τίνα
669 1604 703 1670 in
728 1602 866 1690 Dionysi
895 1625 1049 1690 responso
1078 1626 1176 1670 nemo
1202 1604 1313 1669 atticae

279 1707 425 1774 dictionis
456 1729 575 1793 gnarus
606 1729 669 1772 non
698 1700 812 1794 ἥντινα
842 1706 990 1792 requiret.
1040 1705 1205 1774 Constans
1237 1707 1313 1771 haec

278 1810 385 1900 graeci
411 1808 564 1876 sermonis
591 1808 643 1874 lex
670 1818 733 1887 est,
760 1810 812 1875 cui
837 1831 918 1895 quae
940 1809 1147 1876 adversantur
1171 1809 1312 1895 exempla

278 1913 429 1981 facillima
458 1912 645 1999 plerumque
676 1913 868 1979 correctione
899 1913 941 1979 ad
971 1924 1158 1980 consuetum
1191 1910 1312 1979 dicendi

279 2040 373 2084 usum
390 2015 531 2082 revocari
548 2025 693 2101 possunt.
733 2015 808 2081 Hoc
826 2016 953 2102 quidem
971 2016 1041 2082 loco
1058 2022 1131 2083 τίνα
1149 2014 1311 2103 Euripidis

279 2120 386 2188 versui
420 2119 465 2185 ita
499 2118 649 2206 coniungi
677 2128 797 2205 potest,
833 2129 868 2184 ut
899 2142 971 2185 cum
1002 2120 1145 2206 emphasi
1178 2118 1311 2206 quadam

279 2226 424 2302 iteretur3
450 2222 484 2288 id
509 2244 585 2290 vero
611 2244 683 2288 cum
709 2232 831 2288 tantum
853 2222 887 2288 in
909 2222 1063 2289 concitata
1084 2223 1228 2290 oratione
1249 2221 1309 2297 fiat,

281 2328 371 2394 cuius
393 2327 446 2393 hic
468 2325 554 2391 nulla
576 2347 673 2392 causa
695 2336 757 2404 est,
779 2325 904 2390 videtur
925 2324 987 2390 alia
1008 2326 1059 2390 via
1075 2325 1217 2392 ineunda
1234 2344 1309 2399 esse,

281 2454 377 2517 quam
399 2431 470 2517 ipsa
493 2428 648 2496 sententia
665 2426 813 2494 ostendit.
857 2427 986 2493 Etenim
1005 2429 1128 2494 cumin
1146 2426 1309 2516 superiori-

280 2534 342 2601 bus
360 2532 527 2620 Dionysus
549 2531 662 2597 dixerit
682 2528 741 2618 τὴν
763 2529 862 2598 πόλιν
885 2531 1052 2615 ὀιστομεῖν
1074 2532 1120 2613 (si
1141 2542 1249 2598 tamen
1268 2530 1309 2594 ita
1406 2607 1407 2610 Ἴ

279 2645 365 2703 recte
400 2635 551 2717 conieci),
586 2635 732 2721 ineptum
766 2643 815 2700 est
840 2632 1028 2720 Euripidem
1061 2635 1113 2700 vel
1143 2635 1307 2701 Plutonem

281 2738 372 2821 (huic
407 2738 492 2802 enirn
526 2737 580 2802 alii
618 2736 703 2802 hunc
739 2759 865 2803 versum
902 2737 1083 2823 assignant)
1118 2761 1136 2805 e
1165 2738 1308 2823 Dionyso

281 2861 441 2927 quaerere,
461 2861 557 2924 quam
575 2840 762 2906 sententiam
780 2838 1024 2906 Atheniensium
1042 2842 1153 2908 civitas
1171 2843 1213 2908 de
1226 2838 1307 2906 Alci-

281 2943 374 3011 biade
393 2941 580 3028 conceperit.
617 2941 718 3009 Vides
737 2965 799 3028 quo
818 2943 925 3009 tendat
943 2945 1042 3011 oratio
1059 2967 1140 3011 mea.
1178 2941 1307 3031 Spurius

280 3046 334 3112 ille
352 3067 462 3112 versus
481 3054 543 3124 est,
566 3044 738 3111 abeodem
758 3045 979 3132 interpolatore
1001 3047 1168 3126 confictus,
1192 3048 1246 3133 qui
1265 3051 1306 3108 tot

282 3150 351 3217 aliis
374 3148 456 3215 hanc
477 3148 605 3215 fabulae
627 3158 748 3235 partem
770 3148 915 3214 versibus
933 3148 1054 3215 ditavit.
1100 3147 1235 3216 Sublato
1251 3149 1306 3213 isto

281 3253 469 3320 emblemate
486 3251 634 3318 orationis
657 3274 769 3318 cursus
793 3253 860 3318 sine
882 3251 1057 3318 offensione
1078 3254 1233 3340 procedit,
1254 3269 1306 3316 nec

281 3366 404 3423 tanturn
421 3356 635 3442 importunum
651 3354 731 3420 illud
747 3359 821 3421 τίνα
835 3355 964 3434 tollitur,
985 3357 1042 3421 sed
1059 3356 1214 3441 quadrant
1230 3372 1306 3421 nunc

282 3461 377 3527 etiam
395 3458 449 3524 illa
466 3462 575 3524 ποθεῖ
591 3457 650 3541 μὲν
669 3507 677 3524 .
693 3506 725 3524 ..
745 3455 838 3539 ἔχειν,
856 3480 938 3542 quae
955 3459 1092 3545 pessime
1110 3470 1225 3526 coeunt
1241 3477 1305 3525 cum

282 3561 527 3649 interrogatione
546 3558 611 3643 ἕχει
629 3559 665 3627 δὲ
682 3561 762 3649 περὶ
779 3558 881 3627 αὐτοῦ
898 3566 972 3627 τίνα
989 3561 1135 3649 γνώμηνῑ

725 3747 774 3803 Vs.
794 3748 871 3802 1434.
961 3742 963 3746 ’

405 3867 422 3935 ὃ
441 3868 500 3953 μὲν
519 3874 634 3957 σοφῶς
651 3865 713 3958 γὰρ
732 3864 824 3935 εἶπεν
843 3867 861 3936 ὃ
881 3866 913 3937 d'
929 3868 1039 3959 ἕτερος
1058 3876 1184 3960 σαφῶς.

346 3996 439 4062 Haec
456 3997 499 4062 ita
517 3997 557 4063 ab
575 3998 796 4084 interpretibus
814 3999 947 4087 intelligi
965 3999 1071 4080 video,
1090 4011 1124 4066 ut
1142 4007 1255 4090 σοφῶς
1270 3996 1306 4063 ad

283 4097 480 4187 Euripidem,
500 4104 617 4186 σαφῶς
635 4100 676 4165 ad
689 4100 844 4188 Aeschyli
863 4103 1048 4168 sententiam
1067 4104 1201 4183 trahant,
1219 4123 1306 4190 quam

283 4204 462 4291 opinionem
484 4203 675 4269 novissimus
699 4202 800 4270 editor
817 4204 962 4271 Kockius
982 4216 1091 4292 argute
1110 4207 1237 4293 quidem
1253 4222 1305 4272 nec
1406 4239 1407 4244 κ
