2859 4909
566 438 753 498 PLUTUS.

594 577 644 632 Vs.
662 577 724 632 845.

286 688 358 768 μιῦν
377 680 560 770 ἐνεμοήθης
577 677 645 769 δῆτ’
662 680 695 749 ἒν
714 678 804 769 αὐτῷ
821 680 864 750 τὰ
880 683 1025 771 μεγάλας

203 806 254 870 Ita
271 827 312 869 ex
324 804 406 869 Rau.
422 803 522 868 critici
536 803 739 889 scripserunt,
757 826 830 870 cum
848 805 944 870 ceteri
961 804 1086 871 codices
1104 810 1175 888 μῶν

143 898 198 976 οὖν
213 906 362 995 ἐμυήθης
374 905 513 971 habeant
525 915 651 992 praeter
662 906 746 973 Ven.
761 907 816 992 qui
829 896 887 973 οὖν
902 908 1027 973 omittit.
1054 907 1176 975 Vereor

141 1035 180 1078 ne
196 1012 282 1078 viros
299 1009 500 1077 doctissimos
524 1011 719 1096 comparatio
741 1032 814 1075 cum
836 1018 945 1075 nostro
967 1011 1175 1096 einweihen

141 1116 173 1181 in
190 1136 328 1181 errorem
345 1112 514 1178 induxerit
559 1110 719 1179 Graecum
743 1123 791 1179 est
808 1117 973 1196 μυεῖσθαι
990 1109 1033 1180 τὰ
1048 1114 1174 1202 μυστή-

140 1240 207 1307 ρια,
226 1240 292 1283 non
309 1213 524 1300 ἕμμοεῖοθαι.

588 1383 639 1440 Vs.
657 1384 718 1439 857.

266 1489 305 1559 οὗ
322 1488 385 1578 γὰρ
403 1491 536 1572 σχέτλια
553 1494 714 1557 πέπονθα
731 1491 801 1556 νυνὶ
818 1490 1012 1578 πράγματα,

265 1590 487 1673 ἀπολωλεκὼς
505 1588 639 1659 ἅπαντα
656 1588 718 1660 ccix
735 1599 792 1681 τῆς
811 1592 934 1677 οἰκίας,·

199 1716 286 1782 Fieri
303 1725 410 1802 potest
426 1724 462 1779 ut
479 1713 585 1791 fallar,
608 1734 673 1778 non
690 1714 821 1779 memini
839 1725 945 1780 tamen
963 1738 1014 1780 me
1031 1738 1171 1808 unquam

134 1820 238 1907 legere
249 1820 381 1901 σχέτλια
394 1816 575 1907 πράγματα
583 1820 803 1896 πεπονθέναι,
818 1827 854 1883 ut
863 1840 922 1884 nec
932 1815 1022 1885 δεινὰ
1032 1818 1172 1901 πάσχειν

135 1914 313 2008 πράγματα
335 1921 450 1987 dicitur
471 1942 529 2006 pro
552 1919 689 2006 simplici
711 1911 802 1986 δεινὰ
829 1921 979 2003 πάσχειν.
1024 1922 1117 1989 Haec
1144 1924 1172 1989 si

9 2093 10 2104 ,
135 2048 209 2091 vera
227 2034 316 2103 sunt,
340 2046 463 2089 memor
479 2022 729 2107 frequentissimi
746 2023 874 2103 erroris,
893 2046 957 2109 quo
975 2031 1113 2112 πρᾶγμα
1131 2048 1171 2091 ex

9 2211 10 2214 Ἴ
132 2135 241 2216 χρῆμα
267 2127 425 2205 nascitur,
461 2126 512 2192 hio
539 2147 665 2210 quoque
690 2124 843 2213 χρήματα
870 2126 1073 2193 scribendum
1099 2151 1171 2195 esse

135 2232 290 2318 suspicor:
310 2226 350 2296 οὐ
367 2225 429 2316 γὰρ
448 2230 581 2311 σχέτλια
594 2233 756 2295 πέπονθα
768 2234 851 2308 νυνί,
869 2228 1021 2317 χρήματα
1034 2220 1170 2297 ἄπολιν-

133 2330 234 2413 taor
256 2327 390 2400 ἅπαντα
410 2328 472 2398 τάκ
494 2338 553 2419 τῆς
576 2331 699 2415 οἷκίας,·
744 2330 814 2400 Otr.
833 2356 881 2399 vs.
901 2332 975 2399 871.
997 2328 1075 2399 κοῦκ
1093 2331 1167 2402 tot'

126 2432 226 2518 ,trag
254 2432 312 2504 οὐκ
339 2434 428 2519 ἐ’χετέ
452 2460 517 2520 μου
544 2433 586 2501 τὰ
610 2435 776 2525 χρήματα,
805 2435 862 2502 ubi
887 2436 1042 2503 contrario
1064 2459 1168 2505 errore

132 2541 212 2607 Van.
231 2562 290 2627 pro
307 2540 394 2606 varia
411 2538 547 2605 lectione
564 2540 745 2626 πράγματα
762 2538 867 2603 habet.

583 2725 632 2780 Vs.
651 2725 711 2778 891.

269 2827 315 2910 ὥς
333 2827 372 2918 δὴ
388 2825 437 2896 ’π’
454 2826 599 2917 ἀληθείᾳ
617 2826 657 2897 σὺ
675 2827 760 2913 μετὰ
777 2836 837 2896 τοῦ
855 2830 1021 2916 μάρτυρος

268 2934 477 3021 διαρραγείης
494 2932 634 3020 μηδενός
650 2927 677 3018 γ’
695 2930 909 3020 ἐμπλήμενος.

195 3054 335 3122 Sensum
347 3054 419 3131 loci,
438 3054 490 3119 cui
502 3052 768 3119 Hemsterhusius
782 3054 991 3120 inveteratum
1009 3056 1100 3122 ulcus
1119 3056 1167 3121 in-

129 3160 257 3225 haerere
273 3157 391 3236 statuit,
410 3156 495 3221 hunc
509 3178 580 3222 esse
594 3167 671 3243 puto
684 3159 804 3222 uticam
817 3157 890 3222 Ιιοοο
907 3179 979 3222 cera
995 3161 1059 3223 sint
1076 3173 1166 3247 tuque
1184 3173 1189 3184 “

125 3263 323 3349 praetaedio
341 3261 555 3345 disrumperis.
582 3258 638 3324 Ad
655 3254 707 3325 ἐπ’
729 3253 888 3347 ἀληθείᾳ,
907 3260 1033 3345 proprie
1050 3284 1086 3327 ιο
1104 3265 1166 3350 lupe

129 3378 161 3431 ut
173 3388 246 3432 ocra
258 3368 320 3429 sict
335 3385 412 3449 quoe
425 3375 458 3427 to
476 3364 617 3450 loquaris,
637 3361 848 3448 supplendum
865 3367 931 3428 τῶν
946 3385 1001 3430 σοι
1014 3364 1165 3453 λελεγμέ-

9 3455 10 3518 l
128 3493 208 3547 νιον,
229 3466 340 3532 eadem
362 3464 488 3530 dicendi
510 3464 678 3543 brevitate,
701 3486 766 3549 qua
785 3487 814 3529 v.
833 3464 907 3531 910.
925 3464 1043 3554 legitur
1060 3468 1094 3536 εἴ
1109 3494 1165 3539 οοι

128 3574 294 3659 προσῆκον
316 3567 431 3656 μηδέν,
460 3592 526 3633 cum
550 3568 630 3633 citit
650 3591 753 3633 ιονιιοι
780 3591 857 3654 quaa
879 3580 913 3632 tu
933 3574 1051 3658 catcpia
1073 3576 1117 3639 ad
1137 3587 1165 3641 tc

9 3683 10 3736 i
128 3678 264 3740 attineat.
311 3669 464 3738 Similiter
486 3665 537 3736 ἐπ’
555 3665 700 3758 ἀληθείᾳ
722 3671 843 3737 dictum
865 3681 914 3737 est
936 3672 976 3739 ab
998 3672 1164 3763 Aeschylo

9 3779 10 3798 ¹
129 3774 241 3863 Suppl.
255 3775 329 3841 628.
373 3770 455 3851 Ζεὺς
468 3771 626 3862 ἐφορεύοι
640 3775 745 3853 ξένιος
759 3774 864 3855 ξενίου
883 3774 1048 3859 στόματος
1064 3776 1164 3863 τιμὰς

9 3879 10 3882 ’
128 3875 178 3946 ἐπ’
200 3874 359 3966 ἀληθείᾳ,
386 3881 433 3942 ita
454 3889 488 3942 ut
508 3900 581 3942 οινο
602 3879 665 3941 siat
690 3900 768 3964 quoe
787 3880 1015 3964 praedicamur.
1059 3878 1165 3948 Aliter

128 3982 212 4070 apud
229 3980 436 4047 Theocritum
454 3977 537 4058 VH,
556 3979 609 4045 44.
653 3985 722 4046 πᾶν
741 3975 791 4046 ἐπ’
813 3977 960 4069 ἀλαθείᾳ
976 4007 1010 4049 τι
1027 3980 1092 4066 (τὺ)
1110 4010 1163 4052 κε-

9 4109 10 4148 3
127 4090 286 4170 κασμένον
305 4082 339 4150 ἐκ
357 4079 440 4161 Διὸς
458 4080 558 4168 ἔρνος,
577 4082 633 4149 ubi
651 4080 709 4149 ἐπὶ
727 4106 801 4149 cum
818 4089 1014 4169 κεκασμένον
1032 4089 1163 4154 coniun-

127 4189 266 4276 gendum
293 4209 365 4254 esse
392 4186 526 4252 ostendi.
579 4186 845 4254 Hemsterhusius
873 4199 977 4255 tamen
1003 4193 1163 4275 persuasit

127 4315 187 4357 ran
200 4288 288 4358 Gcnt
300 4289 421 4355 Annot.
431 4289 474 4356 ad
486 4288 600 4376 Virgil.
615 4311 647 4375 p.
662 4289 714 4355 80.
733 4291 787 4357 vix
805 4291 965 4378 plausibili
982 4292 1163 4363 coniectura
