<?xml version="1.0" encoding="UTF-8"?>
<!DOCTYPE html PUBLIC "-//W3C//DTD XHTML 1.0 Transitional//EN"
    "http://www.w3.org/TR/xhtml1/DTD/xhtml1-transitional.dtd">
<html xmlns="http://www.w3.org/1999/xhtml" xml:lang="en" lang="en">
 <head>
  <title>
</title>
<meta http-equiv="Content-Type" content="text/html;charset=utf-8" />
  <meta name='ocr-system' content='tesseract 3.04.00' />
  <meta name='ocr-capabilities' content='ocr_page ocr_carea ocr_par ocr_line ocrx_word'/>
</head>
<body>
  <div class='ocr_page' id='page_1' title='image "./vindiciarumaris00meingoog_0172.png"; bbox 0 0 2859 4909; ppageno 0'>
   <div class='ocr_carea' id='block_1_1' title="bbox 289 371 1066 439">
    <p class='ocr_par' dir='ltr' id='par_1_1' title="bbox 289 371 1066 439">
     <span class='ocr_line' id='line_1_1' title="bbox 289 371 1066 439; baseline -0.001 -1"><span class='ocrx_word' id='word_1_1' title='bbox 289 371 354 439; x_wconf 81' lang='grc'>154</span> <span class='ocrx_word' id='word_1_2' title='bbox 547 380 1066 439; x_wconf 82' lang='lat' dir='ltr'><strong>THESMOPHORIAZUSAE.</strong></span> 
     </span>
    </p>
   </div>
   <div class='ocr_carea' id='block_1_2' title="bbox 273 519 1334 3001">
    <p class='ocr_par' dir='ltr' id='par_1_2' title="bbox 744 519 875 576">
     <span class='ocr_line' id='line_1_2' title="bbox 744 519 875 576; baseline -0.008 0"><span class='ocrx_word' id='word_1_3' title='bbox 744 519 796 576; x_wconf 81' lang='lat' dir='ltr'>Vr.</span> <span class='ocrx_word' id='word_1_4' title='bbox 813 520 875 576; x_wconf 81' lang='lat'><strong>498.</strong></span> 
     </span>
    </p>

    <p class='ocr_par' dir='ltr' id='par_1_3' title="bbox 745 620 1136 715">
     <span class='ocr_line' id='line_1_3' title="bbox 745 620 1136 715; baseline 0 -23"><span class='ocrx_word' id='word_1_5' title='bbox 745 620 818 692; x_wconf 75' lang='grc' dir='ltr'>οὐδ’</span> <span class='ocrx_word' id='word_1_6' title='bbox 837 621 926 692; x_wconf 77' lang='grc' dir='ltr'><strong><em>ἐκεῖν’</em></strong></span> <span class='ocrx_word' id='word_1_7' title='bbox 945 624 1053 715; x_wconf 74' lang='grc' dir='ltr'><strong><em>εἴρηκέ</em></strong></span> <span class='ocrx_word' id='word_1_8' title='bbox 1069 651 1136 706; x_wconf 81' lang='grc' dir='ltr'>πω,</span> 
     </span>
    </p>

    <p class='ocr_par' dir='ltr' id='par_1_4' title="bbox 458 723 1154 818">
     <span class='ocr_line' id='line_1_4' title="bbox 458 723 1154 818; baseline 0.001 -22"><span class='ocrx_word' id='word_1_9' title='bbox 458 725 504 808; x_wconf 80' lang='grc' dir='ltr'>ὥς</span> <span class='ocrx_word' id='word_1_10' title='bbox 522 723 542 818; x_wconf 79' lang='grc' dir='ltr'><strong><em>ἡ</em></strong></span> <span class='ocrx_word' id='word_1_11' title='bbox 559 725 638 816; x_wconf 78' lang='grc' dir='ltr'><strong><em>γυνὴ</em></strong></span> <span class='ocrx_word' id='word_1_12' title='bbox 658 728 811 796; x_wconf 80' lang='grc' dir='ltr'><strong><em>δεικνῦσα</em></strong></span> <span class='ocrx_word' id='word_1_13' title='bbox 827 724 943 817; x_wconf 76' lang='grc' dir='ltr'><strong><em>τάνδρὶ</em></strong></span> <span class='ocrx_word' id='word_1_14' title='bbox 959 725 1154 815; x_wconf 68' lang='grc' dir='ltr'><strong><em>τοῦγκυκλον</em></strong></span> 
     </span>
    </p>

    <p class='ocr_par' dir='ltr' id='par_1_5' title="bbox 456 828 1140 919">
     <span class='ocr_line' id='line_1_5' title="bbox 456 828 1140 919; baseline 0 -19"><span class='ocrx_word' id='word_1_15' title='bbox 456 829 512 900; x_wconf 71' lang='grc' dir='ltr'>ὑπ’</span> <span class='ocrx_word' id='word_1_16' title='bbox 529 828 634 919; x_wconf 75' lang='grc' dir='ltr'><strong><em>αὐγὰς</em></strong></span> <span class='ocrx_word' id='word_1_17' title='bbox 653 829 724 899; x_wconf 76' lang='grc' dir='ltr'><strong><em>υἱόν</em></strong></span> <span class='ocrx_word' id='word_1_18' title='bbox 743 829 846 911; x_wconf 82' lang='grc' dir='ltr'><strong><em>ἐστιν,</em></strong></span> <span class='ocrx_word' id='word_1_19' title='bbox 866 830 1140 919; x_wconf 66' lang='grc' dir='ltr'><strong><em>ἐγκεκαλυμμένον</em></strong></span> 
     </span>
    </p>

    <p class='ocr_par' dir='ltr' id='par_1_6' title="bbox 273 930 1334 2073">
     <span class='ocr_line' id='line_1_6' title="bbox 456 930 1154 1022; baseline -0.003 -18"><span class='ocrx_word' id='word_1_20' title='bbox 456 934 513 1004; x_wconf 85' lang='grc' dir='ltr'>νὸν</span> <span class='ocrx_word' id='word_1_21' title='bbox 531 931 648 1019; x_wconf 85' lang='grc' dir='ltr'><strong><em>μοιχὸν</em></strong></span> <span class='ocrx_word' id='word_1_22' title='bbox 667 932 867 1021; x_wconf 72' lang='grc' dir='ltr'><strong><em>ἐξέπεμψα,</em></strong></span> <span class='ocrx_word' id='word_1_23' title='bbox 887 930 944 1001; x_wconf 76' lang='grc' dir='ltr'><strong><em>οὐκ</em></strong></span> <span class='ocrx_word' id='word_1_24' title='bbox 963 934 1071 1022; x_wconf 69' lang='grc' dir='ltr'><strong><em>εἴρηκέ</em></strong></span> <span class='ocrx_word' id='word_1_25' title='bbox 1088 960 1154 1003; x_wconf 82' lang='grc' dir='ltr'>πω.</span> 
     </span>
     <span class='ocr_line' id='line_1_7' title="bbox 356 1051 1334 1143; baseline -0.001 -20"><span class='ocrx_word' id='word_1_26' title='bbox 356 1055 522 1123; x_wconf 85' lang='lat' dir='ltr'>Articulus</span> <span class='ocrx_word' id='word_1_27' title='bbox 541 1066 613 1122; x_wconf 87' lang='lat' dir='ltr'>ante</span> <span class='ocrx_word' id='word_1_28' title='bbox 630 1053 708 1143; x_wconf 80' lang='grc' dir='ltr'><strong><em>γυνὴ</em></strong></span> <span class='ocrx_word' id='word_1_29' title='bbox 728 1056 839 1121; x_wconf 88' lang='lat' dir='ltr'>merito</span> <span class='ocrx_word' id='word_1_30' title='bbox 861 1055 995 1121; x_wconf 84' lang='lat' dir='ltr'>offendit</span> <span class='ocrx_word' id='word_1_31' title='bbox 1011 1051 1229 1135; x_wconf 84' lang='lat' dir='ltr'>Brunckium,</span> <span class='ocrx_word' id='word_1_32' title='bbox 1254 1056 1334 1122; x_wconf 91' lang='lat' dir='ltr'>male</span> 
     </span>
     <span class='ocr_line' id='line_1_8' title="bbox 292 1155 1330 1247; baseline -0.003 -19"><span class='ocrx_word' id='word_1_33' title='bbox 292 1171 399 1228; x_wconf 88' lang='lat' dir='ltr'>tamen</span> <span class='ocrx_word' id='word_1_34' title='bbox 435 1155 481 1239; x_wconf 78' lang='grc' dir='ltr'>ὥς</span> <span class='ocrx_word' id='word_1_35' title='bbox 510 1160 566 1226; x_wconf 84' lang='grc' dir='ltr'><strong><em>καλ</em></strong></span> <span class='ocrx_word' id='word_1_36' title='bbox 596 1155 674 1246; x_wconf 79' lang='grc' dir='ltr'><strong><em>γυνὴ</em></strong></span> <span class='ocrx_word' id='word_1_37' title='bbox 706 1160 927 1247; x_wconf 72' lang='lat' dir='ltr'>corrigentem.</span> <span class='ocrx_word' id='word_1_38' title='bbox 978 1158 1184 1226; x_wconf 87' lang='lat' dir='ltr'>Probabilius</span> <span class='ocrx_word' id='word_1_39' title='bbox 1217 1155 1266 1239; x_wconf 81' lang='grc' dir='ltr'>ὡς</span> <span class='ocrx_word' id='word_1_40' title='bbox 1296 1156 1330 1226; x_wconf 72' lang='lat' dir='ltr'>dl</span> 
     </span>
     <span class='ocr_line' id='line_1_9' title="bbox 292 1257 1333 1353; baseline -0.001 -24"><span class='ocrx_word' id='word_1_41' title='bbox 292 1260 370 1353; x_wconf 77' lang='grc' dir='ltr'><strong><em>γυνὴ</em></strong></span> <span class='ocrx_word' id='word_1_42' title='bbox 392 1262 497 1331; x_wconf 83' lang='lat' dir='ltr'>fuerit.</span> <span class='ocrx_word' id='word_1_43' title='bbox 541 1261 589 1328; x_wconf 88' lang='lat' dir='ltr'>At</span> <span class='ocrx_word' id='word_1_44' title='bbox 610 1261 672 1328; x_wconf 91' lang='lat' dir='ltr'>hoc</span> <span class='ocrx_word' id='word_1_45' title='bbox 693 1261 764 1328; x_wconf 85' lang='lat' dir='ltr'>leve</span> <span class='ocrx_word' id='word_1_46' title='bbox 787 1273 837 1327; x_wconf 88' lang='lat' dir='ltr'>est</span> <span class='ocrx_word' id='word_1_47' title='bbox 858 1284 934 1349; x_wconf 87' lang='lat' dir='ltr'>prae</span> <span class='ocrx_word' id='word_1_48' title='bbox 957 1261 1093 1329; x_wconf 87' lang='lat' dir='ltr'>mirabili</span> <span class='ocrx_word' id='word_1_49' title='bbox 1115 1262 1171 1328; x_wconf 91' lang='lat' dir='ltr'>illo</span> <span class='ocrx_word' id='word_1_50' title='bbox 1196 1257 1254 1329; x_wconf 66' lang='lat'>671²</span> <span class='ocrx_word' id='word_1_51' title='bbox 1275 1257 1333 1328; x_wconf 81' lang='grc' dir='ltr'>αὗ-</span> 
     </span>
     <span class='ocr_line' id='line_1_10' title="bbox 273 1359 1333 1455; baseline -0.002 -23"><span class='ocrx_word' id='word_1_52' title='bbox 273 1367 364 1455; x_wconf 84' lang='grc' dir='ltr'>γάς.</span> <span class='ocrx_word' id='word_1_53' title='bbox 408 1366 568 1452; x_wconf 88' lang='lat' dir='ltr'>Perquam</span> <span class='ocrx_word' id='word_1_54' title='bbox 590 1364 754 1453; x_wconf 81' lang='lat' dir='ltr'>ingeniose</span> <span class='ocrx_word' id='word_1_55' title='bbox 771 1364 977 1431; x_wconf 85' lang='lat' dir='ltr'>Hermannus</span> <span class='ocrx_word' id='word_1_56' title='bbox 1000 1359 1166 1452; x_wconf 77' lang='grc' dir='ltr'><strong><em>ὖπαυγάσ’</em></strong></span> <span class='ocrx_word' id='word_1_57' title='bbox 1189 1366 1333 1443; x_wconf 84' lang='lat' dir='ltr'>coniecit,</span> 
     </span>
     <span class='ocr_line' id='line_1_11' title="bbox 294 1464 1334 1556; baseline -0.002 -19"><span class='ocrx_word' id='word_1_58' title='bbox 294 1471 388 1538; x_wconf 89' lang='lat' dir='ltr'>modo</span> <span class='ocrx_word' id='word_1_59' title='bbox 406 1479 565 1536; x_wconf 87' lang='lat' dir='ltr'>constaret</span> <span class='ocrx_word' id='word_1_60' title='bbox 583 1467 622 1534; x_wconf 91' lang='lat' dir='ltr'>de</span> <span class='ocrx_word' id='word_1_61' title='bbox 641 1468 870 1556; x_wconf 82' lang='lat' dir='ltr'>significatione</span> <span class='ocrx_word' id='word_1_62' title='bbox 884 1467 973 1534; x_wconf 88' lang='lat' dir='ltr'>verbi</span> <span class='ocrx_word' id='word_1_63' title='bbox 986 1464 1200 1554; x_wconf 82' lang='grc' dir='ltr'><strong><em>ὖπαυγάζειν.</em></strong></span> <span class='ocrx_word' id='word_1_64' title='bbox 1240 1468 1334 1553; x_wconf 84' lang='lat' dir='ltr'>Quod</span> 
     </span>
     <span class='ocr_line' id='line_1_12' title="bbox 294 1565 1333 1662; baseline -0.003 -21"><span class='ocrx_word' id='word_1_65' title='bbox 294 1574 424 1662; x_wconf 81' lang='lat' dir='ltr'>Engero</span> <span class='ocrx_word' id='word_1_66' title='bbox 442 1570 643 1638; x_wconf 86' lang='lat' dir='ltr'>scribendum</span> <span class='ocrx_word' id='word_1_67' title='bbox 661 1571 829 1638; x_wconf 85' lang='lat' dir='ltr'>videbatur</span> <span class='ocrx_word' id='word_1_68' title='bbox 852 1565 954 1657; x_wconf 78' lang='grc' dir='ltr'><strong><em>αὐγὰς</em></strong></span> <span class='ocrx_word' id='word_1_69' title='bbox 975 1566 1043 1659; x_wconf 72' lang='grc' dir='ltr'>ὕφ’,</span> <span class='ocrx_word' id='word_1_70' title='bbox 1067 1594 1108 1637; x_wconf 86' lang='lat' dir='ltr'>ex</span> <span class='ocrx_word' id='word_1_71' title='bbox 1130 1595 1169 1639; x_wconf 89' lang='lat' dir='ltr'>eo</span> <span class='ocrx_word' id='word_1_72' title='bbox 1194 1582 1333 1640; x_wconf 83' lang='lat' dir='ltr'>anastro·</span> 
     </span>
     <span class='ocr_line' id='line_1_13' title="bbox 293 1674 1333 1765; baseline -0.003 -22"><span class='ocrx_word' id='word_1_73' title='bbox 293 1677 376 1765; x_wconf 87' lang='lat' dir='ltr'>phae</span> <span class='ocrx_word' id='word_1_74' title='bbox 398 1697 515 1763; x_wconf 83' lang='lat' dir='ltr'>genere</span> <span class='ocrx_word' id='word_1_75' title='bbox 537 1683 600 1752; x_wconf 86' lang='lat' dir='ltr'>est,</span> <span class='ocrx_word' id='word_1_76' title='bbox 629 1696 694 1759; x_wconf 90' lang='lat' dir='ltr'>quo</span> <span class='ocrx_word' id='word_1_77' title='bbox 718 1675 771 1740; x_wconf 86' lang='lat' dir='ltr'>vix</span> <span class='ocrx_word' id='word_1_78' title='bbox 799 1674 909 1762; x_wconf 79' lang='lat' dir='ltr'>tragici</span> <span class='ocrx_word' id='word_1_79' title='bbox 935 1685 1047 1762; x_wconf 86' lang='lat' dir='ltr'>poetae</span> <span class='ocrx_word' id='word_1_80' title='bbox 1074 1675 1195 1742; x_wconf 90' lang='lat' dir='ltr'>nedum</span> <span class='ocrx_word' id='word_1_81' title='bbox 1223 1676 1333 1742; x_wconf 88' lang='lat' dir='ltr'>comici</span> 
     </span>
     <span class='ocr_line' id='line_1_14' title="bbox 294 1773 1332 1867; baseline -0.001 -23"><span class='ocrx_word' id='word_1_82' title='bbox 294 1779 341 1845; x_wconf 92' lang='lat' dir='ltr'>uti</span> <span class='ocrx_word' id='word_1_83' title='bbox 362 1778 534 1865; x_wconf 86' lang='lat' dir='ltr'>potuerint,</span> <span class='ocrx_word' id='word_1_84' title='bbox 562 1779 719 1843; x_wconf 77' lang='lat' dir='ltr'>constanti</span> <span class='ocrx_word' id='word_1_85' title='bbox 746 1787 778 1843; x_wconf 89' lang='lat' dir='ltr'>et</span> <span class='ocrx_word' id='word_1_86' title='bbox 803 1788 954 1865; x_wconf 85' lang='lat' dir='ltr'>perpetuo</span> <span class='ocrx_word' id='word_1_87' title='bbox 976 1801 1037 1844; x_wconf 90' lang='lat' dir='ltr'>usu</span> <span class='ocrx_word' id='word_1_88' title='bbox 1059 1773 1115 1845; x_wconf 77' lang='grc' dir='ltr'>ὑπ’</span> <span class='ocrx_word' id='word_1_89' title='bbox 1140 1776 1248 1867; x_wconf 74' lang='grc' dir='ltr'><strong><em>αὐγὰς</em></strong></span> <span class='ocrx_word' id='word_1_90' title='bbox 1274 1779 1332 1843; x_wconf 91' lang='lat' dir='ltr'>dici</span> 
     </span>
     <span class='ocr_line' id='line_1_15' title="bbox 294 1878 1330 1969; baseline 0.001 -23"><span class='ocrx_word' id='word_1_91' title='bbox 294 1881 483 1969; x_wconf 87' lang='lat' dir='ltr'>postulante.</span> <span class='ocrx_word' id='word_1_92' title='bbox 529 1878 567 1945; x_wconf 84' lang='lat' dir='ltr'>Si</span> <span class='ocrx_word' id='word_1_93' title='bbox 590 1890 676 1945; x_wconf 86' lang='lat' dir='ltr'>certo</span> <span class='ocrx_word' id='word_1_94' title='bbox 698 1880 776 1946; x_wconf 89' lang='lat' dir='ltr'>mihi</span> <span class='ocrx_word' id='word_1_95' title='bbox 798 1890 956 1947; x_wconf 76' lang='lat' dir='ltr'>constaret</span> <span class='ocrx_word' id='word_1_96' title='bbox 974 1878 1045 1947; x_wconf 79' lang='grc' dir='ltr'><strong><em>οἷον</em></strong></span> <span class='ocrx_word' id='word_1_97' title='bbox 1062 1893 1175 1968; x_wconf 83' lang='lat' dir='ltr'>poetas</span> <span class='ocrx_word' id='word_1_98' title='bbox 1195 1883 1330 1949; x_wconf 88' lang='lat' dir='ltr'>comicos</span> 
     </span>
     <span class='ocr_line' id='line_1_16' title="bbox 295 1981 1333 2073; baseline -0.001 -22"><span class='ocrx_word' id='word_1_99' title='bbox 295 1995 330 2051; x_wconf 90' lang='lat' dir='ltr'>ut</span> <span class='ocrx_word' id='word_1_100' title='bbox 348 2006 443 2071; x_wconf 91' lang='lat' dir='ltr'>saepe</span> <span class='ocrx_word' id='word_1_101' title='bbox 460 1981 597 2048; x_wconf 85' lang='lat' dir='ltr'>iambica</span> <span class='ocrx_word' id='word_1_102' title='bbox 614 2006 763 2050; x_wconf 87' lang='lat' dir='ltr'>mensura</span> <span class='ocrx_word' id='word_1_103' title='bbox 780 1983 942 2063; x_wconf 87' lang='lat' dir='ltr'>dixerunt,</span> <span class='ocrx_word' id='word_1_104' title='bbox 959 1985 1004 2050; x_wconf 88' lang='lat' dir='ltr'>ita</span> <span class='ocrx_word' id='word_1_105' title='bbox 1021 1984 1116 2050; x_wconf 89' lang='lat' dir='ltr'>etiam</span> <span class='ocrx_word' id='word_1_106' title='bbox 1133 1985 1333 2073; x_wconf 78' lang='lat' dir='ltr'>pyrrhichica</span> 
     </span>
    </p>

    <p class='ocr_par' dir='ltr' id='par_1_7' title="bbox 295 2087 1332 3001">
     <span class='ocr_line' id='line_1_17' title="bbox 296 2087 636 2166; baseline -0.015 -10"><span class='ocrx_word' id='word_1_107' title='bbox 296 2087 424 2166; x_wconf 74' lang='lat' dir='ltr'>dixism,</span> <span class='ocrx_word' id='word_1_108' title='bbox 444 2087 636 2154; x_wconf 88' lang='lat' dir='ltr'>conicerem:</span> 
     </span>
     <span class='ocr_line' id='line_1_18' title="bbox 386 2184 1243 2279; baseline -0.001 -21"><span class='ocrx_word' id='word_1_109' title='bbox 386 2188 458 2258; x_wconf 80' lang='grc' dir='ltr'><strong><em>οἷόν</em></strong></span> <span class='ocrx_word' id='word_1_110' title='bbox 476 2185 549 2258; x_wconf 71' lang='grc' dir='ltr'>ἐσθ’</span> <span class='ocrx_word' id='word_1_111' title='bbox 565 2184 620 2255; x_wconf 78' lang='grc' dir='ltr'>ὑπ’</span> <span class='ocrx_word' id='word_1_112' title='bbox 638 2185 754 2276; x_wconf 80' lang='grc' dir='ltr'><strong><em>αὐγάς,</em></strong></span> <span class='ocrx_word' id='word_1_113' title='bbox 774 2187 1047 2276; x_wconf 73' lang='grc' dir='ltr'><strong><em>ἐγκεκαλυμμένον</em></strong></span> <span class='ocrx_word' id='word_1_114' title='bbox 1065 2189 1182 2279; x_wconf 74' lang='grc' dir='ltr'><strong><em>λάθρᾳ</em></strong></span> <span class='ocrx_word' id='word_1_115' title='bbox 1199 2231 1243 2241; x_wconf 93' lang='lat'><em>-</em></span> 
     </span>
     <span class='ocr_line' id='line_1_19' title="bbox 300 2292 1332 2380; baseline -0.005 -17"><span class='ocrx_word' id='word_1_116' title='bbox 300 2292 368 2364; x_wconf 87' lang='lat' dir='ltr'>Sed</span> <span class='ocrx_word' id='word_1_117' title='bbox 389 2294 464 2362; x_wconf 92' lang='lat' dir='ltr'>nolo</span> <span class='ocrx_word' id='word_1_118' title='bbox 484 2294 621 2360; x_wconf 85' lang='lat' dir='ltr'>incertas</span> <span class='ocrx_word' id='word_1_119' title='bbox 644 2292 841 2359; x_wconf 85' lang='lat' dir='ltr'>coniecturas</span> <span class='ocrx_word' id='word_1_120' title='bbox 862 2293 1032 2380; x_wconf 84' lang='lat' dir='ltr'>periclitari</span> <span class='ocrx_word' id='word_1_121' title='bbox 1048 2294 1089 2361; x_wconf 89' lang='lat' dir='ltr'>de</span> <span class='ocrx_word' id='word_1_122' title='bbox 1106 2295 1195 2374; x_wconf 86' lang='lat' dir='ltr'>loco,</span> <span class='ocrx_word' id='word_1_123' title='bbox 1218 2296 1251 2361; x_wconf 90' lang='lat' dir='ltr'>in</span> <span class='ocrx_word' id='word_1_124' title='bbox 1272 2316 1332 2379; x_wconf 92' lang='lat' dir='ltr'>quo</span> 
     </span>
     <span class='ocr_line' id='line_1_20' title="bbox 296 2396 1331 2484; baseline -0.003 -18"><span class='ocrx_word' id='word_1_125' title='bbox 296 2399 391 2473; x_wconf 87' lang='lat' dir='ltr'>etiam</span> <span class='ocrx_word' id='word_1_126' title='bbox 405 2396 679 2484; x_wconf 76' lang='grc' dir='ltr'><strong><em>ἐγκεκαλυμμένον</em></strong></span> <span class='ocrx_word' id='word_1_127' title='bbox 696 2419 760 2462; x_wconf 90' lang='lat' dir='ltr'>non</span> <span class='ocrx_word' id='word_1_128' title='bbox 779 2397 846 2463; x_wconf 87' lang='lat' dir='ltr'>sine</span> <span class='ocrx_word' id='word_1_129' title='bbox 860 2397 1034 2465; x_wconf 86' lang='lat' dir='ltr'>offensione</span> <span class='ocrx_word' id='word_1_130' title='bbox 1049 2409 1107 2464; x_wconf 88' lang='lat' dir='ltr'>est.</span> <span class='ocrx_word' id='word_1_131' title='bbox 1133 2396 1258 2464; x_wconf 87' lang='lat' dir='ltr'>Mulier</span> <span class='ocrx_word' id='word_1_132' title='bbox 1268 2420 1331 2463; x_wconf 89' lang='lat' dir='ltr'>rem</span> 
     </span>
     <span class='ocr_line' id='line_1_21' title="bbox 296 2500 1332 2587; baseline -0.005 -18"><span class='ocrx_word' id='word_1_133' title='bbox 296 2502 407 2569; x_wconf 85' lang='lat' dir='ltr'>habuit</span> <span class='ocrx_word' id='word_1_134' title='bbox 432 2523 505 2567; x_wconf 86' lang='lat' dir='ltr'>eum</span> <span class='ocrx_word' id='word_1_135' title='bbox 532 2501 679 2580; x_wconf 88' lang='lat' dir='ltr'>moecho,</span> <span class='ocrx_word' id='word_1_136' title='bbox 705 2501 886 2587; x_wconf 87' lang='lat' dir='ltr'>supervenit</span> <span class='ocrx_word' id='word_1_137' title='bbox 908 2501 1053 2580; x_wconf 90' lang='lat' dir='ltr'>maritus,</span> <span class='ocrx_word' id='word_1_138' title='bbox 1089 2501 1144 2567; x_wconf 90' lang='lat' dir='ltr'>illa</span> <span class='ocrx_word' id='word_1_139' title='bbox 1168 2500 1332 2568; x_wconf 80' lang='lat' dir='ltr'>abscondit</span> 
     </span>
     <span class='ocr_line' id='line_1_22' title="bbox 296 2603 1330 2682; baseline -0.004 -12"><span class='ocrx_word' id='word_1_140' title='bbox 296 2604 478 2682; x_wconf 85' lang='lat' dir='ltr'>moechum,</span> <span class='ocrx_word' id='word_1_141' title='bbox 506 2603 629 2670; x_wconf 86' lang='lat' dir='ltr'>seducit</span> <span class='ocrx_word' id='word_1_142' title='bbox 650 2604 753 2670; x_wconf 87' lang='lat' dir='ltr'>virum</span> <span class='ocrx_word' id='word_1_143' title='bbox 776 2603 817 2670; x_wconf 91' lang='lat' dir='ltr'>ad</span> <span class='ocrx_word' id='word_1_144' title='bbox 842 2604 1014 2671; x_wconf 80' lang='lat' dir='ltr'>fenestram</span> <span class='ocrx_word' id='word_1_145' title='bbox 1040 2615 1072 2670; x_wconf 88' lang='lat' dir='ltr'>et</span> <span class='ocrx_word' id='word_1_146' title='bbox 1092 2604 1171 2670; x_wconf 89' lang='lat' dir='ltr'>dnm</span> <span class='ocrx_word' id='word_1_147' title='bbox 1198 2603 1330 2672; x_wconf 80' lang='lat' dir='ltr'>ostendit</span> 
     </span>
     <span class='ocr_line' id='line_1_23' title="bbox 296 2706 1330 2786; baseline -0.001 -14"><span class='ocrx_word' id='word_1_148' title='bbox 296 2708 326 2772; x_wconf 91' lang='lat' dir='ltr'>ei</span> <span class='ocrx_word' id='word_1_149' title='bbox 346 2716 469 2773; x_wconf 84' lang='lat' dir='ltr'>vestem</span> <span class='ocrx_word' id='word_1_150' title='bbox 490 2729 603 2774; x_wconf 83' lang='lat' dir='ltr'>recens</span> <span class='ocrx_word' id='word_1_151' title='bbox 629 2719 761 2786; x_wconf 89' lang='lat' dir='ltr'>emtam,</span> <span class='ocrx_word' id='word_1_152' title='bbox 789 2707 939 2774; x_wconf 86' lang='lat' dir='ltr'>moechus</span> <span class='ocrx_word' id='word_1_153' title='bbox 966 2707 1048 2774; x_wconf 90' lang='lat' dir='ltr'>elam</span> <span class='ocrx_word' id='word_1_154' title='bbox 1070 2707 1188 2774; x_wconf 83' lang='lat' dir='ltr'>evadit.</span> <span class='ocrx_word' id='word_1_155' title='bbox 1232 2709 1282 2774; x_wconf 87' lang='lat' dir='ltr'>Ita</span> <span class='ocrx_word' id='word_1_156' title='bbox 1305 2706 1330 2772; x_wconf 87' lang='lat' dir='ltr'>si</span> 
     </span>
     <span class='ocr_line' id='line_1_24' title="bbox 295 2806 1329 2899; baseline -0.001 -24"><span class='ocrx_word' id='word_1_157' title='bbox 295 2831 347 2875; x_wconf 88' lang='lat' dir='ltr'>res</span> <span class='ocrx_word' id='word_1_158' title='bbox 368 2809 454 2876; x_wconf 79' lang='lat' dir='ltr'>facta</span> <span class='ocrx_word' id='word_1_159' title='bbox 475 2819 538 2886; x_wconf 88' lang='lat' dir='ltr'>est,</span> <span class='ocrx_word' id='word_1_160' title='bbox 566 2807 817 2897; x_wconf 77' lang='grc' dir='ltr'><strong><em>ἐγκεκρυμμένον</em></strong></span> <span class='ocrx_word' id='word_1_161' title='bbox 841 2810 892 2877; x_wconf 85' lang='lat' dir='ltr'>vel</span> <span class='ocrx_word' id='word_1_162' title='bbox 918 2806 1208 2899; x_wconf 77' lang='grc' dir='ltr'><strong><em>ἀποκεκρυμμένον</em></strong></span> <span class='ocrx_word' id='word_1_163' title='bbox 1229 2811 1329 2898; x_wconf 89' lang='lat' dir='ltr'>potius</span> 
     </span>
     <span class='ocr_line' id='line_1_25' title="bbox 296 2909 1058 3001; baseline 0.003 -23"><span class='ocrx_word' id='word_1_164' title='bbox 296 2934 392 2997; x_wconf 90' lang='lat' dir='ltr'>quam</span> <span class='ocrx_word' id='word_1_165' title='bbox 410 2909 685 2997; x_wconf 83' lang='grc' dir='ltr'><strong><em>ἐγκεκαλυμμένον</em></strong></span> <span class='ocrx_word' id='word_1_166' title='bbox 701 2914 820 3000; x_wconf 89' lang='lat' dir='ltr'>requiri</span> <span class='ocrx_word' id='word_1_167' title='bbox 838 2925 980 3001; x_wconf 87' lang='lat' dir='ltr'>apertum</span> <span class='ocrx_word' id='word_1_168' title='bbox 999 2924 1058 2980; x_wconf 87' lang='lat' dir='ltr'>est.</span> 
     </span>
    </p>
   </div>
   <div class='ocr_carea' id='block_1_3' title="bbox 747 3100 876 3156">
    <p class='ocr_par' dir='ltr' id='par_1_8' title="bbox 747 3100 876 3156">
     <span class='ocr_line' id='line_1_26' title="bbox 747 3100 876 3156; baseline -0.008 0"><span class='ocrx_word' id='word_1_169' title='bbox 747 3100 797 3156; x_wconf 86' lang='lat' dir='ltr'>Vs.</span> <span class='ocrx_word' id='word_1_170' title='bbox 816 3101 876 3156; x_wconf 82' lang='lat'><strong>531.</strong></span> 
     </span>
    </p>
   </div>
   <div class='ocr_carea' id='block_1_4' title="bbox 357 3199 1273 3397">
    <p class='ocr_par' dir='ltr' id='par_1_9' title="bbox 357 3199 1273 3397">
     <span class='ocr_line' id='line_1_27' title="bbox 358 3199 1273 3295; baseline 0.002 -24"><span class='ocrx_word' id='word_1_171' title='bbox 358 3199 427 3271; x_wconf 75' lang='grc' dir='ltr'><strong><em>ἀλλ’</em></strong></span> <span class='ocrx_word' id='word_1_172' title='bbox 444 3200 482 3271; x_wconf 81' lang='grc' dir='ltr'>οὗ</span> <span class='ocrx_word' id='word_1_173' title='bbox 501 3204 563 3294; x_wconf 85' lang='grc' dir='ltr'>γάρ</span> <span class='ocrx_word' id='word_1_174' title='bbox 583 3203 654 3272; x_wconf 83' lang='grc' dir='ltr'><strong><em>ἐστι</em></strong></span> <span class='ocrx_word' id='word_1_175' title='bbox 670 3210 737 3272; x_wconf 82' lang='grc' dir='ltr'>τῶν</span> <span class='ocrx_word' id='word_1_176' title='bbox 756 3202 976 3289; x_wconf 78' lang='grc' dir='ltr'><strong><em>ἀναισχύντων</em></strong></span> <span class='ocrx_word' id='word_1_177' title='bbox 995 3204 1096 3295; x_wconf 83' lang='grc' dir='ltr'><strong><em>φύσει</em></strong></span> <span class='ocrx_word' id='word_1_178' title='bbox 1112 3212 1273 3292; x_wconf 81' lang='grc' dir='ltr'><strong><em>γυναικών</em></strong></span> 
     </span>
     <span class='ocr_line' id='line_1_28' title="bbox 357 3303 1194 3397; baseline 0.004 -23"><span class='ocrx_word' id='word_1_179' title='bbox 357 3303 452 3374; x_wconf 73' lang='grc' dir='ltr'><strong><em>οὐδέν</em></strong></span> <span class='ocrx_word' id='word_1_180' title='bbox 469 3306 581 3376; x_wconf 86' lang='grc' dir='ltr'><strong><em>κάκιον</em></strong></span> <span class='ocrx_word' id='word_1_181' title='bbox 598 3307 646 3387; x_wconf 81' lang='grc' dir='ltr'>εἷς</span> <span class='ocrx_word' id='word_1_182' title='bbox 665 3304 799 3376; x_wconf 75' lang='grc' dir='ltr'><strong><em>ἅπαντα</em></strong></span> <span class='ocrx_word' id='word_1_183' title='bbox 816 3307 902 3397; x_wconf 81' lang='grc' dir='ltr'><strong><em>πλὴν</em></strong></span> <span class='ocrx_word' id='word_1_184' title='bbox 921 3304 972 3397; x_wconf 73' lang='grc' dir='ltr'>ἄρ’</span> <span class='ocrx_word' id='word_1_185' title='bbox 989 3307 1019 3375; x_wconf 78' lang='grc' dir='ltr'>εἰ</span> <span class='ocrx_word' id='word_1_186' title='bbox 1035 3321 1194 3395; x_wconf 82' lang='grc' dir='ltr'><strong><em>γυναῖκες.</em></strong></span> 
     </span>
    </p>
   </div>
   <div class='ocr_carea' id='block_1_5' title="bbox 294 3427 1330 4333">
    <p class='ocr_par' dir='ltr' id='par_1_10' title="bbox 294 3427 1330 4333">
     <span class='ocr_line' id='line_1_29' title="bbox 359 3427 1327 3516; baseline 0 -22"><span class='ocrx_word' id='word_1_187' title='bbox 359 3427 603 3516; x_wconf 90' lang='lat' dir='ltr'>Impudentibus</span> <span class='ocrx_word' id='word_1_188' title='bbox 626 3429 810 3496; x_wconf 88' lang='lat' dir='ltr'>mulieribus</span> <span class='ocrx_word' id='word_1_189' title='bbox 832 3429 910 3495; x_wconf 89' lang='lat' dir='ltr'>nihil</span> <span class='ocrx_word' id='word_1_190' title='bbox 932 3429 1023 3516; x_wconf 89' lang='lat' dir='ltr'>peius</span> <span class='ocrx_word' id='word_1_191' title='bbox 1046 3452 1117 3495; x_wconf 82' lang='lat' dir='ltr'>esse</span> <span class='ocrx_word' id='word_1_192' title='bbox 1144 3430 1222 3495; x_wconf 88' lang='lat' dir='ltr'>dicit</span> <span class='ocrx_word' id='word_1_193' title='bbox 1243 3450 1327 3516; x_wconf 88' lang='lat' dir='ltr'>prae·</span> 
     </span>
     <span class='ocr_line' id='line_1_30' title="bbox 294 3531 1328 3617; baseline -0.006 -18"><span class='ocrx_word' id='word_1_194' title='bbox 294 3543 343 3599; x_wconf 89' lang='lat' dir='ltr'>ter</span> <span class='ocrx_word' id='word_1_195' title='bbox 364 3531 522 3598; x_wconf 87' lang='lat' dir='ltr'>mulieres.</span> <span class='ocrx_word' id='word_1_196' title='bbox 566 3532 683 3599; x_wconf 88' lang='lat' dir='ltr'>Fateor</span> <span class='ocrx_word' id='word_1_197' title='bbox 706 3533 854 3617; x_wconf 89' lang='lat' dir='ltr'>equidem</span> <span class='ocrx_word' id='word_1_198' title='bbox 875 3554 938 3617; x_wconf 92' lang='lat' dir='ltr'>quo</span> <span class='ocrx_word' id='word_1_199' title='bbox 961 3556 1058 3598; x_wconf 85' lang='lat' dir='ltr'>sensu</span> <span class='ocrx_word' id='word_1_200' title='bbox 1084 3534 1163 3599; x_wconf 90' lang='lat' dir='ltr'>haec</span> <span class='ocrx_word' id='word_1_201' title='bbox 1190 3534 1328 3598; x_wconf 85' lang='lat' dir='ltr'>dicantur</span> 
     </span>
     <span class='ocr_line' id='line_1_31' title="bbox 295 3634 1329 3723; baseline -0.004 -23"><span class='ocrx_word' id='word_1_202' title='bbox 295 3658 346 3701; x_wconf 92' lang='lat' dir='ltr'>me</span> <span class='ocrx_word' id='word_1_203' title='bbox 372 3658 437 3701; x_wconf 91' lang='lat' dir='ltr'>non</span> <span class='ocrx_word' id='word_1_204' title='bbox 463 3634 651 3723; x_wconf 83' lang='lat' dir='ltr'>intelligere3</span> <span class='ocrx_word' id='word_1_205' title='bbox 682 3635 892 3723; x_wconf 84' lang='lat' dir='ltr'>intelligerem</span> <span class='ocrx_word' id='word_1_206' title='bbox 917 3658 993 3701; x_wconf 86' lang='lat' dir='ltr'>vero</span> <span class='ocrx_word' id='word_1_207' title='bbox 1020 3636 1048 3701; x_wconf 89' lang='lat' dir='ltr'>si</span> <span class='ocrx_word' id='word_1_208' title='bbox 1074 3635 1135 3702; x_wconf 92' lang='lat' dir='ltr'>hoc</span> <span class='ocrx_word' id='word_1_209' title='bbox 1161 3636 1329 3701; x_wconf 74' lang='lat' dir='ltr'>diceretur:</span> 
     </span>
     <span class='ocr_line' id='line_1_32' title="bbox 294 3737 1325 3826; baseline -0.004 -22"><span class='ocrx_word' id='word_1_210' title='bbox 294 3738 435 3804; x_wconf 88' lang='lat' dir='ltr'>omnium</span> <span class='ocrx_word' id='word_1_211' title='bbox 457 3738 512 3823; x_wconf 92' lang='lat' dir='ltr'>qui</span> <span class='ocrx_word' id='word_1_212' title='bbox 535 3750 646 3826; x_wconf 87' lang='lat' dir='ltr'>suapte</span> <span class='ocrx_word' id='word_1_213' title='bbox 668 3748 781 3805; x_wconf 86' lang='lat' dir='ltr'>natura</span> <span class='ocrx_word' id='word_1_214' title='bbox 801 3738 1000 3825; x_wconf 88' lang='lat' dir='ltr'>impudentes</span> <span class='ocrx_word' id='word_1_215' title='bbox 1023 3747 1110 3816; x_wconf 90' lang='lat' dir='ltr'>sunt,</span> <span class='ocrx_word' id='word_1_216' title='bbox 1137 3738 1214 3803; x_wconf 90' lang='lat' dir='ltr'>nihil</span> <span class='ocrx_word' id='word_1_217' title='bbox 1240 3737 1325 3824; x_wconf 84' lang='lat' dir='ltr'>peius</span> 
     </span>
     <span class='ocr_line' id='line_1_33' title="bbox 295 3834 1330 3929; baseline -0.004 -23"><span class='ocrx_word' id='word_1_218' title='bbox 295 3851 344 3906; x_wconf 86' lang='lat' dir='ltr'>est</span> <span class='ocrx_word' id='word_1_219' title='bbox 370 3862 466 3924; x_wconf 87' lang='lat' dir='ltr'>quam</span> <span class='ocrx_word' id='word_1_220' title='bbox 492 3842 649 3909; x_wconf 88' lang='lat' dir='ltr'>mulieres.</span> <span class='ocrx_word' id='word_1_221' title='bbox 695 3840 765 3909; x_wconf 83' lang='lat' dir='ltr'>cfr.</span> <span class='ocrx_word' id='word_1_222' title='bbox 792 3841 931 3928; x_wconf 84' lang='lat' dir='ltr'>Lysistr.</span> <span class='ocrx_word' id='word_1_223' title='bbox 954 3841 1028 3907; x_wconf 81' lang='lat'><strong>369.</strong></span> <span class='ocrx_word' id='word_1_224' title='bbox 1058 3838 1239 3929; x_wconf 76' lang='grc' dir='ltr'><strong><em>οὐδὲνγὰρ</em></strong></span> <span class='ocrx_word' id='word_1_225' title='bbox 1266 3834 1330 3905; x_wconf 76' lang='lat' dir='ltr'>dol</span> 
     </span>
     <span class='ocr_line' id='line_1_34' title="bbox 295 3937 1324 4033; baseline -0.002 -26"><span class='ocrx_word' id='word_1_226' title='bbox 295 3937 417 4031; x_wconf 69' lang='grc' dir='ltr'><strong><em>θρέμμ’</em></strong></span> <span class='ocrx_word' id='word_1_227' title='bbox 434 3938 566 4023; x_wconf 80' lang='grc' dir='ltr'><strong><em>ἀναιδὲς</em></strong></span> <span class='ocrx_word' id='word_1_228' title='bbox 584 3940 630 4025; x_wconf 79' lang='grc' dir='ltr'>ὥς</span> <span class='ocrx_word' id='word_1_229' title='bbox 646 3956 804 4033; x_wconf 85' lang='grc' dir='ltr'><strong><em>γυναῖκες.</em></strong></span> <span class='ocrx_word' id='word_1_230' title='bbox 846 3944 898 4011; x_wconf 90' lang='lat' dir='ltr'>Ac</span> <span class='ocrx_word' id='word_1_231' title='bbox 915 3945 1051 4010; x_wconf 81' lang='lat' dir='ltr'>fortasse</span> <span class='ocrx_word' id='word_1_232' title='bbox 1069 3944 1101 4008; x_wconf 90' lang='lat' dir='ltr'>in</span> <span class='ocrx_word' id='word_1_233' title='bbox 1119 3944 1220 4031; x_wconf 89' lang='lat' dir='ltr'>primo</span> <span class='ocrx_word' id='word_1_234' title='bbox 1236 3964 1324 4010; x_wconf 86' lang='lat' dir='ltr'>versu</span> 
     </span>
     <span class='ocr_line' id='line_1_35' title="bbox 294 4045 1326 4134; baseline 0.002 -24"><span class='ocrx_word' id='word_1_235' title='bbox 294 4050 454 4132; x_wconf 84' lang='grc' dir='ltr'><strong><em>γυναικῶν</em></strong></span> <span class='ocrx_word' id='word_1_236' title='bbox 472 4045 641 4113; x_wconf 89' lang='lat' dir='ltr'>delendum</span> <span class='ocrx_word' id='word_1_237' title='bbox 659 4059 722 4127; x_wconf 89' lang='lat' dir='ltr'>est,</span> <span class='ocrx_word' id='word_1_238' title='bbox 745 4071 809 4134; x_wconf 86' lang='lat' dir='ltr'>qua</span> <span class='ocrx_word' id='word_1_239' title='bbox 826 4070 904 4114; x_wconf 84' lang='lat' dir='ltr'>voce</span> <span class='ocrx_word' id='word_1_240' title='bbox 922 4046 963 4113; x_wconf 89' lang='lat' dir='ltr'>ad</span> <span class='ocrx_word' id='word_1_241' title='bbox 980 4057 1116 4113; x_wconf 88' lang='lat' dir='ltr'>metrum</span> <span class='ocrx_word' id='word_1_242' title='bbox 1133 4048 1226 4113; x_wconf 84' lang='lat' dir='ltr'>facile</span> <span class='ocrx_word' id='word_1_243' title='bbox 1244 4067 1326 4112; x_wconf 86' lang='lat' dir='ltr'>care·</span> 
     </span>
     <span class='ocr_line' id='line_1_36' title="bbox 296 4147 1329 4237; baseline -0.001 -23"><span class='ocrx_word' id='word_1_244' title='bbox 296 4172 382 4227; x_wconf 86' lang='lat' dir='ltr'>mus3</span> <span class='ocrx_word' id='word_1_245' title='bbox 403 4156 619 4215; x_wconf 87' lang='lat' dir='ltr'>tetrametrum</span> <span class='ocrx_word' id='word_1_246' title='bbox 637 4162 732 4237; x_wconf 88' lang='lat' dir='ltr'>poeta</span> <span class='ocrx_word' id='word_1_247' title='bbox 750 4151 884 4218; x_wconf 86' lang='lat' dir='ltr'>subiecit</span> <span class='ocrx_word' id='word_1_248' title='bbox 900 4150 1056 4229; x_wconf 88' lang='lat' dir='ltr'>trimetro,</span> <span class='ocrx_word' id='word_1_249' title='bbox 1075 4151 1162 4235; x_wconf 91' lang='lat' dir='ltr'>quod</span> <span class='ocrx_word' id='word_1_250' title='bbox 1178 4151 1251 4236; x_wconf 91' lang='lat' dir='ltr'>quin</span> <span class='ocrx_word' id='word_1_251' title='bbox 1268 4147 1329 4213; x_wconf 73' lang='lat' dir='ltr'>hoc‘·</span> 
     </span>
     <span class='ocr_line' id='line_1_37' title="bbox 294 4250 938 4333; baseline 0.002 -16"><span class='ocrx_word' id='word_1_252' title='bbox 294 4254 365 4321; x_wconf 91' lang='lat' dir='ltr'>loco</span> <span class='ocrx_word' id='word_1_253' title='bbox 382 4261 468 4318; x_wconf 88' lang='lat' dir='ltr'>recte</span> <span class='ocrx_word' id='word_1_254' title='bbox 486 4250 550 4333; x_wconf 88' lang='lat' dir='ltr'>fiat,</span> <span class='ocrx_word' id='word_1_255' title='bbox 569 4275 634 4318; x_wconf 90' lang='lat' dir='ltr'>non</span> <span class='ocrx_word' id='word_1_256' title='bbox 651 4253 861 4320; x_wconf 87' lang='lat' dir='ltr'>dubitandum</span> <span class='ocrx_word' id='word_1_257' title='bbox 879 4265 938 4320; x_wconf 85' lang='lat' dir='ltr'>est.</span> 
     </span>
    </p>
   </div>
   <div class='ocr_carea' id='block_1_6' title="bbox 0 0 1435 4909">
    <p class='ocr_par' dir='ltr' id='par_1_11' title="bbox 0 0 1435 4909">
     <span class='ocr_line' id='line_1_38' title="bbox 0 0 1435 4909; baseline 0 0"><span class='ocrx_word' id='word_1_258' title='bbox 0 0 1435 4909; x_wconf 95' lang='lat' dir='ltr'> </span> 
     </span>
    </p>
   </div>
  </div>
 </body>
</html>
