2859 4909
568 346 667 402 PAX.
1095 335 1139 402 43

121 485 209 554 Gom.
229 485 272 553 ΙΙ.
287 483 324 573 lp.
346 485 421 552 457.
445 480 523 560 ¹or'r'u
543 483 606 576 γὰρ
629 487 635 572 Ι
656 492 781 576 χαίρων
807 511 859 567 τις
886 482 994 555 αὐτῶν
1019 484 1144 574 τούμὸν

121 587 244 676 ἇλγυνεῖ
261 593 351 676 κέαρ,
381 590 504 677 etipse
526 590 759 677 Aristophanes
781 613 853 657 eum
876 592 946 659 aliis
968 592 1047 659 locis
1074 603 1143 658 tum

118 694 211 781 Vesp.
231 694 300 760 186.
326 691 374 777 μὰ
395 688 454 760 τὸν
472 689 527 761 Δί’
545 689 618 762 οὔτι
633 693 803 784 χαιρήσων
820 719 857 782 ys
875 696 927 764 σύ.
971 695 1144 763 Dobraeus

117 799 283 864 coniecerat
305 792 376 864 αδτι
398 801 455 863 νῦν
476 792 504 883 y’
525 791 567 863 ἔτ’
589 795 691 879 ἐστίν,
716 797 885 866 Richterus
909 794 982 866 οὐδ’
1003 797 1144 879 ἐκεῖθεν,

116 925 153 968 κε
168 903 251 967 illino
267 904 397 988 quidem,
416 901 589 988 calefecit.

558 1087 609 1144 Vs.
627 1088 686 1145 328.

196 1195 228 1259 ἓν
245 1192 304 1278 μὲν
320 1182 379 1259 οὖν
396 1199 491 1259 τουτί
506 1189 540 1278 μ’
556 1192 655 1261 ἔασον
674 1192 825 1275 ἑλκύσαι,
848 1196 905 1260 καὶ
921 1198 1047 1280 μηκέτι.

173 1314 342 1380 Emendati
361 1314 516 1381 sermonis
534 1314 587 1380 lex
605 1314 746 1401 postulat
762 1325 798 1379 ut
817 1313 971 1381 scribatur
986 1308 1073 1380 τοῦτ’
1094 1311 1144 1381 tu

109 1413 142 1502 μ’
157 1416 263 1484 ἔασον.
298 1417 397 1484 Edita
409 1417 503 1484 lectio
516 1403 648 1484 ferenda
660 1429 755 1497 esset,
769 1417 830 1484 nisi
843 1417 1014 1484 identidem
1028 1417 1145 1484 chorus

111 1521 245 1588 saltaret.
290 1519 452 1606 Sequente
474 1544 569 1587 versu
590 1532 676 1587 recte
692 1520 862 1587 Richterus
885 1522 984 1587 edidit
1003 1516 1062 1587 κσδ
1079 1546 1146 1608 μη·

109 1620 169 1692 κέν’
186 1622 266 1690 ἄλλο
287 1624 389 1711 μηδὲν
408 1618 585 1712 δρχήσεσθ’
602 1622 663 1704 ἔτι,
692 1623 755 1689 nisi
777 1624 864 1709 quod
885 1635 1048 1712 praeterea
1070 1647 1144 1691 cum

107 1725 305 1795 Boissonado
323 1727 525 1796 scribendum
543 1738 592 1793 est
611 1723 800 1815 ὀρχήσασθε
815 1754 859 1794 τι.

558 1913 608 1970 Vs.
627 1914 687 1969 336.

151 2083 156 2090 .
191 2022 316 2105 μᾶλλον
332 2014 355 2107 ἢ
371 2016 410 2085 τὸ
428 2024 530 2107 γῆρας
549 2016 643 2098 arag
662 2016 811 2109 ἐκφυγὼν
828 2017 885 2108 τὴν
905 2016 1043 2088 ἀσπίδα.

169 2141 303 2228 Insigne
334 2139 528 2207 lascivientis
561 2140 687 2206 criticae
720 2140 900 2228 exemplum
935 2141 1050 2206 dedere
1084 2140 1146 2205 viri

96 2245 294 2322 doctissimi,
317 2244 373 2328 qui
395 2243 563 2310 sanissima
584 2242 683 2310 verba
703 2244 749 2310 ita
767 2244 887 2310 sedicet
904 2244 1019 2332 corrigi
1008 2242 1146 2309 volue-

99 2360 179 2416 runt
195 2344 218 2435 ἢ
235 2344 274 2414 τὸ
292 2352 394 2436 γῆρας
412 2341 557 2426 ἐκδὺς(
523 2341 624 2436 ου’φις
641 2342 763 2414 ἀσπίδ’
781 2344 941 2437 ἐκφυγών
986 2345 1144 2433 Apertum

99 2462 151 2520 est
169 2451 233 2517 hoo
251 2450 355 2516 dicere
370 2459 507 2537 poetam,
525 2448 583 2538 τὴν
602 2445 689 2518 ἆσπί
675 2449 733 2517 ίδα
749 2446 900 2539 ἐκφυγὼν
915 2450 1041 2534 μᾶλλον
1057 2451 1144 2536 γελῶ

97 2585 119 2644 η
102 2551 226 2623 ''el
192 2579 233 2621 το
251 2557 353 2643 γῆρας
372 2551 462 2620 ἒκδυί
448 2559 514 2641 ίην,
534 2577 628 2641 quam
645 2578 672 2619 α
666 2552 860 2641 (serpentis
878 2556 978 2635 more)
996 2565 1146 2620 amentem

98 2662 264 2727 emissem.
309 2656 377 2724 Cfr.
404 2656 558 2723 Horatius
584 2657 829 2744 Ep.x111‚5.
857 2659 987 2724 obducto
1008 2659 1147 2724 solvatur

89 2764 207 2852 fronte
224 2774 368 2828 senectus.

166 2865 328 2931 Perverse
353 2865 430 2930 item
455 2862 601 2950 Bergleri
626 2862 795 2950 explicatio
822 2874 871 2930 est
898 2863 1065 2931 verborum
1091 2861 1145 2931 ἐκ·

95 2966 221 3061 φαγὼν
251 2964 309 3055 τὴν
341 2961 485 3044 ἀσπίδα,
516 2988 599 3051 quae
630 2965 780 3053 ambigue
812 2967 898 3034 dicta
928 2990 1000 3035 esse
1025 2967 1144 3045 statuit,

94 3070 237 3142 ἀσπίδα
255 3071 338 3137 enim
356 3079 388 3135 et
409 3069 556 3156 clupeum
578 3079 609 3134 et
633 3080 811 3156 serpentem
834 3071 1026 3158 significare3
1052 3069 1145 3155 quasi

93 3175 237 3266 perinde
254 3174 304 3252 sit,
321 3182 429 3239 utrum
447 3172 535 3239 dicas
552 3196 675 3260 serpena
692 3186 841 3239 senectam
858 3178 949 3251 cruit
968 3197 1009 3239 an
1026 3184 1147 3238 senecta

92 3290 272 3369 repentem
289 3280 382 3343 αααίί.

557 3463 607 3520 Vs.
626 3463 686 3517 341.

321 3568 428 3649 πλεῖν,
446 3571 564 3652 μένειν,
583 3573 695 3654 βινεῖν,
715 3567 904 3635 καθεύδειν.

166 3689 283 3755 Minus
306 3688 441 3755 felici-ter
461 3711 519 3776 pro
541 3690 637 3758 πλεῖν
654 3693 764 3773 μένειν
782 3688 1017 3754 Herwerdenus
1035 3688 1147 3774 πλημ-

87 3798 231 3882 μελεῖν,
267 3791 436 3858 infeliciter
462 3815 537 3858 vero
569 3792 649 3859 alius
685 3793 735 3858 vir
769 3793 881 3858 doctus
915 3791 1007 3877 βδεῖν
1036 3796 1147 3875 μένειν

87 3894 308 3969 scribendum
334 3917 406 3961 esse
432 3896 601 3974 coniectat,
633 3919 731 3981 quam
761 3896 829 3961 iure
855 3896 966 3961 merito
993 3894 1146 3961 foetidam

85 4000 275 4071 Richterus
298 3999 511 4065 coniecturam
533 3999 680 4086 appellat.
734 3999 827 4065 Nunc
848 3998 974 4086 plenam
996 3997 1146 4064 omnibus

86 4104 257 4194 quicquid
278 4102 395 4192 agendi
416 4102 593 4168 libertatem
616 4112 783 4189 suppetere
806 4103 896 4181 dicit,
925 4102 991 4168 sive
1012 4122 1147 4188 peregre

86 4211 188 4279 abire
209 4206 307 4273 velint
325 4207 393 4272 sive
411 4206 498 4272 domi
515 4229 642 4273 manere
659 4218 718 4273 etc.
755 4205 820 4273 Pro
838 4218 946 4284 κινεῖν,
964 4203 1050 4289 quod
1067 4201 1148 4267 nihil
