2859 4909
271 362 315 438 56
690 368 895 436 EQUITES.

272 524 366 605 patae
388 512 523 581 nominis
547 510 669 579 formae
682 505 788 576 'aliam
808 507 970 577 arbitraris
989 509 1158 577 sufficeret.
1205 509 1311 579 Cuius

272 619 319 686 rei
337 617 397 684 etsi
413 616 549 704 plurima
565 638 586 681 a
602 614 817 702 grammaticis
835 613 981 701 exempla
998 612 1130 679 collecta
1147 624 1236 692 sunt,
1255 614 1313 679 vix

273 734 379 788 tamen
395 720 431 786 in
448 718 564 786 celebri
581 717 718 796 nomine,
737 716 830 802 quale
843 716 1040 804 Hippodami
1056 716 1125 795 fuit,
1144 716 1179 782 id
1195 717 1314 784 floren-

273 824 314 891 tis
336 822 486 890 atticismi
510 819 704 908 temporibus
725 820 846 886 factum
869 841 940 886 esse
962 819 1171 886 demonstrari
1192 830 1311 906 potest.

272 928 325 994 Ac
347 925 425 1012 quid
447 924 580 1013 impedit
601 923 771 1010 quominus
789 922 986 1010 Hippodami
1008 945 1124 989 nomen
1145 944 1186 987 ex
1204 922 1312 1010 δῆμος

273 1030 483 1117 compositum
501 1050 573 1095 esse
590 1026 765 1093 statuatur?
802 1025 994 1092 Doricarum
1010 1026 1174 1091 nominum
1191 1025 1313 1092 forma

272 1156 344 1200 rum
361 1156 424 1200 non
441 1155 513 1198 rara
530 1140 604 1198 sunt
622 1128 709 1217 apud
725 1127 941 1196 Athenienses
959 1128 1113 1216 exempla.

723 1315 774 1372 Vs.
793 1316 854 1371 347.

359 1424 393 1492 e'i
407 1448 473 1492 που
493 1423 632 1490 δικίδιον
650 1415 749 1500 elnac
766 1410 803 1488 εὖ
821 1418 905 1487 κατὰ
923 1423 1014 1503 ξένου
1032 1425 1197 1505 μετοίκου.

337 1545 515 1612 Permirum
533 1564 659 1630 semper
680 1541 758 1606 mihi
779 1541 883 1608 visum
905 1550 954 1607 est
977 1542 1066 1621 ξένον
1087 1544 1240 1625 μέτοικον
1263 1541 1311 1607 sic

272 1674 293 1717 a
308 1659 403 1737 poeta
420 1647 586 1713 coniuncta
603 1667 689 1723 esse,
712 1644 805 1730 quasi
827 1668 891 1711 non
913 1666 1023 1711 omnes
1044 1647 1193 1728 μέτοικοι
1215 1666 1310 1731 pere-

271 1752 355 1841 grini
371 1750 517 1816 fuissent.
552 1746 703 1814 Fortasse
720 1743 789 1813 κατ’
807 1743 920 1829 ἀξένου
935 1751 1089 1831 μετοίκου
1104 1745 1308 1813 scribendum

271 1864 330 1935 est,
349 1854 370 1921 i.
381 1875 408 1919 e.
419 1853 474 1938 qui
487 1851 644 1938 hospitem
656 1872 721 1917 uon
736 1850 840 1929 habet,
859 1851 927 1916 eius
940 1872 1070 1917 causam
1084 1849 1309 1916 defendentem

272 1968 304 2025 et
328 1960 368 2022 ab
394 1955 516 2021 iniuriis
543 1953 811 2041 sycophantarum
836 1953 1059 2020 vindicantem.
1107 1951 1308 2018 Praeferrem

271 2074 378 2128 tamen
395 2053 479 2125 κατὰ
497 2058 589 2139 ξένου
609 2052 629 2143 ἢ
646 2060 812 2141 μετοίκου,
832 2056 926 2122 modo
944 2067 1065 2122 certum
1077 2055 1171 2122 huius
1186 2056 1306 2122 crasios

271 2163 452 2252 exemplum
469 2160 631 2227 haberem.

722 2345 773 2402 Vs.
791 2346 853 2400 407.

363 2455 422 2524 τὸν
436 2452 572 2523 Ἰουλίου
590 2448 617 2519 τ’
635 2446 680 2518 ὃν
693 2452 809 2536 οίομοι
825 2455 960 2540 γέροντα
977 2454 1183 2539 πυροπίπην.

334 2576 479 2643 Insolens
502 2585 534 2640 et
556 2574 625 2639 sine
647 2572 793 2659 exemplo
814 2571 900 2659 apud
922 2580 1044 2637 veteres
1067 2568 1209 2637 Graecos
1230 2569 1308 2636 Iulii

269 2702 386 2747 nomen
403 2688 462 2757 est,
480 2677 566 2763 quod
584 2699 656 2742 cum
675 2675 751 2741 olim
768 2674 810 2741 ad
828 2673 921 2741 Com.
938 2696 986 2762 gr.
1005 2673 1119 2761 fragm.
1138 2672 1180 2739 V.
1198 2695 1230 2760 p.
1249 2674 1306 2739 29.

269 2807 289 2849 a
315 2782 385 2848 vitii
415 2781 596 2867 suspicione
625 2778 858 2857 defendissem,
895 2798 979 2843 nunc
1003 2777 1146 2843 Βουλίου
1180 2776 1305 2863 scripsi.

269 2888 467 2973 πυροπίπην
484 2907 525 2949 an
543 2886 760 2969 πυρροπίπην
778 2880 979 2947 scribendum
997 2879 1037 2945 sit
1055 2878 1186 2945 dubium
1203 2878 1308 2945 videri

268 2998 383 3075 potest,
402 2987 479 3052 illud
490 2987 582 3067 Rev„
602 2971 735 3052 alterum
750 2983 862 3068 reliqui
874 2994 909 3048 ut
918 2970 1044 3048 viddtur
1051 3006 1161 3049 omnes
1170 2981 1304 3061 habeut3

268 3090 497 3176 παιδοπίπην,
526 3089 612 3174 quod
635 3087 806 3155 scholiasta
826 3086 861 3151 in
883 3109 940 3152 suo
957 3084 1038 3152 libro
1055 3085 1231 3165 invenerat,
1257 3086 1306 3151 nil

269 3216 341 3261 esse
362 3193 488 3259 videtur
509 3214 605 3277 quam
627 3190 841 3278 interpretatio
863 3189 950 3255 vocis
973 3193 1203 3277 πυρροπίπην,
1231 3188 1253 3254 i.
1273 3211 1303 3254 e.

260 3297 417 3386 flavorum
438 3319 606 3382 puerorum
632 3306 838 3382 spectatorem.
891 3292 965 3358 Hoc
995 3313 1080 3358 nunc
1105 3314 1169 3358 non
1192 3291 1305 3359 dubito

269 3400 345 3486 quin
367 3422 478 3466 verum
501 3398 556 3476 sit,
579 3398 759 3485 optimeque
782 3396 928 3462 convenit
951 3416 1022 3460 cum
1044 3399 1193 3483 γέροντο,
1216 3396 1305 3480 quod

267 3505 351 3570 iners
369 3512 419 3569 est
436 3511 468 3568 et
485 3501 651 3580 flaccescit,
672 3500 699 3566 si
717 3502 913 3587 πυροπίπην
930 3498 1085 3565 scribitur.

720 3686 770 3741 Vs.
787 3684 849 3739 417.

350 3790 444 3872 κυνὸς
461 3789 565 3878 βορὰν
584 3791 776 3876 σιτούμενος
791 3800 891 3874 μαχεῖ
909 3786 947 3857 σὺ
965 3789 1196 3879 κυνοκεφάλλῳ
1202 3819 1214 3873 ,-

332 3912 384 3979 Ila
414 3911 616 3992 Dindcrfius,
653 3911 726 3978 libri
755 3909 981 3997 cccccccccc,
1016 3910 1050 3975 in
1080 3933 1143 3995 quc
1174 3912 1302 3978 nomine

267 4014 414 4101 quamvis
438 4012 555 4099 duplex
577 4016 616 4080 λί.
637 4014 780 4080 disertim
802 4038 822 4078 a
838 4012 1021 4099 Phrynicho
1043 4023 1075 4078 et
1091 4012 1207 4079 Photio
1231 4015 1303 4080 atti-

268 4142 341 4202 cum
363 4118 499 4192 dicatur,
521 4140 654 4204 magnas
677 4128 783 4183 tamen
799 4116 878 4183 haec
894 4138 945 4181 res
963 4114 1059 4181 habet
1076 4114 1301 4183 dubitationes.

266 4223 339 4290 Non
353 4243 435 4307 nunc
451 4218 619 4307 disputabo
637 4220 676 4286 de
695 4220 765 4286 aliis
783 4220 877 4286 huius
896 4219 1068 4306 scripturae
1085 4219 1250 4306 exemplis,
1269 4220 1303 4285 in
