2859 4909
696 409 902 476 EQUITES.

723 548 772 604 Vs.
791 549 868 605 1230.

408 672 543 761 φράζων
564 666 620 759 ὑφ’
639 660 677 738 οὗ
697 671 808 759 δεήσει
824 667 857 757 μ’
874 668 1043 759 ἡττᾶσθαι
1059 671 1173 757 μόνον.

345 808 401 877 Sio
414 809 496 887 libri,
511 810 572 875 nisi
586 809 671 894 quod
684 832 741 896 pro
756 808 866 898 δεήσει
880 804 951 894 μἈ
960 821 991 876 et
1001 820 1031 878 Δ
1043 810 1160 876 habent
1176 808 1321 896 δεήσειν.

277 917 387 981 Locus
413 913 465 978 hie
490 912 584 978 foede
610 903 816 999 interpolatus
843 922 901 979 est.
946 913 1019 980 Non
1042 912 1187 979 sufficere
1210 935 1249 979 ao
1276 936 1322 978 ne

277 1040 391 1106 graece
412 1015 541 1102 quidem
563 1015 683 1082 dietum
705 1038 776 1082 esse
799 1016 885 1101 qnod
906 1016 1070 1082 Bentleius
1097 1016 1230 1083 coniecit
1256 1011 1318 1104 ὑφ’

278 1111 318 1189 οὗ
334 1116 446 1209 ’δέησί
461 1114 505 1202 μ’,
529 1118 667 1184 indicavi
688 1119 721 1184 in
743 1120 944 1186 annotatione
966 1120 1082 1185 critica.
1126 1118 1320 1214 Dindorfius

277 1248 319 1309 με
339 1223 399 1312 χρη
417 1220 517 1301 ’osam
539 1221 699 1309 Bergkins
724 1219 853 1309 δεησειί
873 1219 905 1306 μ’
927 1224 1133 1311 scripserunt,
1155 1233 1188 1288 at
1210 1244 1321 1307 neque

275 1328 336 1416 χρή
353 1323 422 1395 ’στι
442 1338 527 1393 recte
548 1325 668 1391 dietum
689 1321 815 1391 videtur
838 1328 914 1409 (non
936 1328 1021 1392 enim
1043 1326 1104 1393 nisi
1123 1330 1265 1415 χρῆσται
1282 1326 1321 1390 in

277 1432 385 1498 futuro
407 1431 552 1510 dicitur),
577 1438 608 1495 et
631 1427 742 1516 δεήσει
763 1427 957 1516 bisyllabum
981 1429 1048 1497 sine
1066 1439 1150 1495 certo
1168 1429 1321 1514 exemplo

277 1546 336 1601 est.
380 1535 456 1621 Ipse
483 1532 680 1599 conieceram
705 1526 762 1620 ὑφ’
788 1521 826 1599 οὗ
855 1529 923 1619 δῆτ’
948 1531 1019 1600 ἔστι
1040 1528 1085 1617 μ’.
1131 1530 1198 1598 Sed
1219 1531 1320 1597 altius

276 1638 363 1704 haud
384 1635 479 1702 dubie
502 1634 592 1701 uleus
614 1636 701 1700 latet.
746 1635 859 1720 Itaque
880 1635 987 1702 licebit
1003 1635 1164 1702 Dindorfii
1185 1635 1320 1701 invento

277 1742 324 1806 sio
346 1740 406 1817 uti,
429 1749 465 1804 ut
486 1748 612 1826 poetam
632 1737 797 1825 scripsisse
816 1739 1026 1827 suspicemur,
1049 1738 1183 1827 φράζων
1201 1733 1258 1825 ὑφ’
1275 1727 1318 1804 οὗ

275 1847 416 1930 χρησταί
432 1866 474 1926 με
492 1846 653 1908 νικᾶσθαι
671 1841 786 1925 μόνου,
805 1842 900 1927 idque
917 1865 1027 1908 verum
1045 1854 1132 1930 puto.
1405 1834 1407 1839 ¹

719 2045 769 2101 Vs.
789 2046 865 2101 1262.

457 2166 540 2236 ίδεῖν
558 2162 680 2252 ἀμείνω
696 2164 727 2234 ’ν
744 2173 783 2257 τῇ
801 2176 987 2256 Κεχηναίων
1005 2169 1114 2236 πόλει.

340 2306 613 2393 Praepositionem
640 2306 742 2373 adieci
768 2319 879 2391 estque
907 2330 945 2372 ea
975 2307 1153 2374 necessaria
1184 2306 1225 2371 ad
1251 2305 1317 2371 loci

277 2411 479 2489 sententiam,
503 2433 567 2477 non
590 2410 673 2475 enim
696 2409 736 2474 de
759 2409 892 2475 utilitate
915 2431 1011 2495 quam
1028 2410 1080 2476 ille
1099 2409 1219 2475 civitati
1236 2409 1318 2474 alla-

278 2526 368 2580 turus
386 2524 434 2580 est
452 2514 565 2601 agitur,
586 2513 643 2579 sed
661 2512 701 2577 de
718 2512 873 2579 benevolo
890 2513 923 2578 in
940 2512 1081 2579 Domum
1100 2514 1215 2579 animo.
1261 2512 1317 2576 Ao
1402 2512 1408 2521 '

276 2617 369 2682 video
388 2615 421 2683 ἐν
439 2618 534 2682 etiam
552 2615 774 2703 Hiraehiginm
792 2616 962 2682 addidisse.
1006 2615 1169 2700 Pertinere
1188 2616 1317 2681 videtur

274 2719 364 2785 adh.
382 2719 403 2784 l.
422 2720 531 2805 glossa
548 2718 704 2806 Hesychii
718 2715 877 2786 Ἔκελαοί·
898 2716 1091 2802 οίΆττικοί,
1115 2721 1160 2787 ita
1177 2719 1316 2785 fortasse

275 2821 426 2900 sananda,
441 2829 632 2908 Κεχηναῖοι·
652 2819 879 2905 οίὲίιτικοί.”)
904 2823 998 2890 Alias
1012 2824 1170 2912 Hesychii
1185 2822 1314 2910 glossas
1342 2872 1345 2878 -

273 2926 350 2991 item
373 2925 414 2990 ad
435 2925 518 2990 hane
540 2924 681 2991 fabulam
699 2925 881 2992 referendas
904 2950 989 2991 nune
1012 2927 1114 2995 sciens
1137 2937 1313 3014 praetereo.

274 3027 539 3096 Commemorabo
556 3037 663 3094 tamen
681 3051 721 3094 ex
739 3030 853 3096 vicinia
875 3054 922 3096 vs.
942 3019 1036 3096 1266.
1057 3030 1141 3118 μηδὲ
1160 3028 1315 3113 θαύμαν-

272 3158 324 3198 τιν
340 3129 398 3198 τὸν
416 3127 566 3198 ἀνέστιον
585 3121 626 3198 αὖ
645 3133 762 3198 λυπεῖν
781 3131 898 3222 ἑκούσῃ
917 3133 1046 3222 καρδίη.
1090 3133 1144 3199 Ex
1161 3132 1223 3199 hoe
1240 3133 1313 3199 loeo

272 3236 386 3301 ductae
412 3245 485 3300 sunt
506 3235 632 3321 glossae
653 3235 767 3301 misere
790 3236 979 3324 depravatae
998 3232 1219 3304 Ἀνεσθίων·
1247 3260 1314 3321 μη·
1406 3261 1410 3266 ·

271 3345 341 3406 κίκι
368 3336 582 3422 ἐσθιόμενον,
615 3349 647 3403 et
669 3333 925 3408 Hvoceouov·
956 3345 1072 3429 μηκέτι
1099 3337 1310 3423 ἐσθιόμενον.

273 3442 365 3528 Quae
383 3443 427 3509 ita
444 3440 641 3509 emendanda
659 3438 949 3511 εαοίῖίνέστιον·
967 3448 1082 3533 μηκέτι
1100 3442 1310 3526 ἑσσιιόμενον.

273 3568 373 3630 eaque
400 3545 614 3632 interpretatio
641 3547 757 3631 optime
784 3546 1009 3635 Aristophanis
1035 3548 1106 3615 loeo
1128 3546 1311 3634 respondet,

271 3648 400 3713 minime
422 3672 498 3715 vero
520 3648 690 3714 Demonici
711 3650 889 3740 fragmento
911 3652 1072 3717 admoveri
1093 3660 1198 3737 potest
1223 3650 1313 3738 apud

273 3748 476 3816 Athenaeum
498 3751 568 3830 IX,
592 3753 666 3817 410.
690 3752 722 3816 d.
751 3752 951 3821 ἐσπουδάκει
978 3751 1009 3821 δ’
1034 3752 1170 3833 ἕκαστος
1197 3749 1243 3833 ὡς
1269 3750 1311 3820 dir

272 3849 398 3917 ἐσθίων
416 3848 486 3936 ἅμα
503 3850 530 3919 τ’
552 3851 726 3936 ὀξύπεινον
744 3850 847 3943 ἄνδρα
865 3859 921 3924 καὶ
938 3856 1114 3937 Βοιώτιον,
1139 3855 1194 3921 ubi
1217 3856 1311 3923 dubi-

270 3954 330 4019 tari
352 3977 416 4020 non
433 3966 537 4042 potest
555 3958 631 4041 quin
648 3971 732 4024 rente
752 3948 962 4026 Casaubonus
982 3955 1028 4039 ὥς
1046 3956 1086 4027 όν
1104 3958 1221 4026 ἑσιιιῦν
1240 3981 1312 4026 eor·

270 4057 395 4124 rexerit.
442 4057 644 4127 cfr.Phi101.
665 4059 752 4127 Gott.
772 4063 851 4129 XV.
869 4086 901 4150 p.
921 4064 995 4130 345.

274 4207 490 4220 ..--.-,.,

339 4282 369 4355 ⁴⁵)
387 4281 449 4339 Nisi
458 4281 666 4354 Echelidarum‚
685 4285 733 4355 qui
742 4285 853 4340 Atticus
861 4285 981 4357 populus
991 4286 1053 4355 fuit,
1068 4283 1202 4340 memoria
1212 4283 1293 4340 latet.
