2859 4909
432 368 768 426 ACHARNENSES.
1077 357 1117 422 11

103 510 238 577 Ceterum
258 509 399 576 similiter
420 509 501 575 dixit
521 509 707 596 Xenophon
728 508 836 575 Anah.
854 510 917 590 ΙΙΙ,
939 512 968 586 1,
985 509 1018 575 4.
1042 504 1119 577 οὔτε

100 610 265 701 στρατηγὸς
278 609 353 680 οὕτε
362 610 502 698 λοχαγὸς
512 608 588 680 οὔτε
598 612 803 702 στρατιώτης
813 609 858 681 ὢν
868 612 1116 700 συνηκολούθει.

98 716 157 782 Pro
172 742 220 797 τις
236 712 357 795 ἀνύσας
374 739 447 783 cum
465 716 621 783 Elmsleio
637 742 670 783 τι
689 711 814 796 ἀνύσας
831 716 1062 804 scribendum..

533 886 584 942 Vs.
604 887 664 942 580.

109 1000 177 1060 AA.
194 996 227 1058 τί
244 987 274 1057 d’
292 988 391 1072 εἶπας
408 987 513 1079 ἦμᾶςς
532 988 590 1058 οὐκ
609 989 710 1080 ipius,-
747 1001 832 1059 ΔΙΚ.
852 987 910 1059 οὐκ
929 986 1005 1057 oldai
1021 1008 1095 1057 πω·

195 1091 260 1162 ὑπὸ
278 1101 340 1162 τοῦ
359 1095 455 1174 δέους
471 1092 533 1182 γὰρ
552 1100 618 1161 τῶν
636 1089 751 1162 ὅπλων
770 1095 926 1182 εἰλιγγιῶ.

150 1219 238 1285 Haec
273 1216 442 1282 manifesto
477 1225 624 1301 corrupta
659 1226 751 1294 sunt,
792 1239 829 1282 ac
863 1218 998 1281 fortasse
1032 1223 1119 1278 recte

94 1324 241 1410 Bergkius
269 1315 327 1387 οὐκ
351 1314 437 1385 οῖδα.
464 1324 555 1401 πῶς;
582 1320 730 1398 coniecit,
758 1330 794 1385 ut
815 1325 906 1401 πῶς,·
933 1316 1118 1383 Lamachus

31 1423 36 1430 ’
97 1428 177 1492 dicat.
210 1425 282 1490 Non
296 1422 379 1488 male
394 1432 509 1501 tamen,
527 1432 562 1487 ut
576 1422 654 1487 mihi
668 1423 796 1509 quidem
810 1423 942 1500 videtur,
961 1422 1120 1508 legeretur

99 1526 148 1597 cix
168 1524 229 1595 οἷδ’
251 1521 346 1605 ὅπως
368 1521 435 1592 ὑπὸ
457 1532 517 1592 τοῦ
540 1525 636 1604 δέους
656 1532 723 1592 τῶν
741 1532 807 1592 σῶν
826 1520 940 1592 ὅπλων
959 1524 1114 1611 εἰλιγγιῶ,

98 1633 172 1718 quod
190 1629 418 1715 Dicaeopolide
440 1630 537 1694 ammi
558 1630 843 1695 consternationem
866 1652 923 1695 seu
950 1628 1119 1694 simulante

99 1737 154 1801 sive
170 1758 239 1801 vere
259 1733 413 1798 sentiente
431 1733 654 1819 dignissimum
670 1733 805 1798 videtur.
849 1731 917 1797 Nec
939 1732 1120 1819 displiceret

99 1834 147 1905 οὐκ
163 1832 226 1905 οἶδ’
247 1834 322 1925 ἐγώ,
341 1858 405 1920 quo
422 1846 515 1922 pacto
533 1846 637 1901 cetera
655 1836 774 1901 servari
791 1846 935 1922 possunt.

533 1987 584 2044 Vs.
602 1988 663 2042 583.

133 2105 210 2163 ΔΙΚ.
229 2098 311 2183 φέρε
328 2120 384 2159 νυν
403 2088 472 2160 ἀπὸ
491 2098 550 2159 τοῦ
568 2093 707 2181 κράνους
724 2117 785 2178 μοι
800 2090 840 2160 τὸ
858 2094 991 2181 πτερόν.

133 2210 199 2267 ΛΑ.
226 2203 321 2265 τουτί
338 2198 456 2263 πτίλον
474 2220 539 2263 σοι.

151 2320 266 2386 Mirum
285 2330 335 2385 est
352 2318 563 2403 Dicaeopolin
581 2341 600 2382 a
616 2317 783 2383 Lamacho
805 2314 843 2383 τὸ
861 2313 983 2401 πτερὸν
999 2326 1118 2402 petere,

103 2424 178 2507 quasi
197 2433 251 2489 aut
274 2432 374 2488 totam
395 2422 523 2486 cristam
545 2430 721 2507 expeteret,
745 2431 799 2486 aut
815 2419 999 2485 Lamachus
1022 2442 1118 2484 unam

104 2536 206 2592 tautum
226 2548 365 2613 pennam
386 2547 444 2610 pro
463 2525 557 2589 crista
574 2535 725 2610 gestaret.
769 2523 853 2591 Vide
871 2523 1024 2610 igiturne
1043 2522 1120 2588 seri-
1163 2542 1171 2546 ·

104 2627 223 2695 bendum
246 2630 287 2694 sit
310 2632 392 2717 φέρε
413 2652 469 2694 νυν
492 2621 562 2692 ἀπὸ
585 2632 645 2693 τοῦ
666 2626 806 2712 κράνους
826 2652 887 2710 μοι
910 2621 967 2704 δὸς
985 2624 1116 2711 πτερόν,

106 2742 133 2796 ut
150 2739 221 2821 φέρε
242 2759 298 2799 νυν
321 2732 362 2796 sit
385 2754 441 2817 ape
461 2733 566 2817 ipitur.
611 2729 708 2796 Redit
731 2729 879 2795 articulus
902 2741 974 2794 ante
1001 2730 1120 2794 πτίλον

108 2857 144 2901 us.
165 2835 234 2903 587.
272 2824 370 2913 οὗτος
399 2837 433 2899 τί
464 2832 614 2918 δράστας
648 2838 695 2919 τῷ
723 2834 830 2920 πτίλῳ
857 2833 988 2917 μέλλεις
1014 2831 1120 2917 ipsiu·

110 2959 189 3022 reque
209 2939 253 3005 ihi
275 2961 425 3025 magnam
447 2936 655 3002 offensionem
677 2936 788 3015 habet,
816 2958 1007 3020 quamquam
1029 2958 1119 3021 prae-

111 3038 201 3107 ferrem
221 3041 383 3126 equidem,
408 3040 435 3106 si
457 3039 551 3105 etiam
568 3039 629 3104 hoc
647 3039 718 3105 loco
736 3039 885 3105 articulus
904 3039 1030 3105 abesset
1047 3061 1122 3104 ver·

20 3157 22 3162 '
113 3166 203 3229 susque
220 3146 264 3211 ita
281 3145 487 3231 refingeretur
505 3130 600 3221 οὗτος
617 3146 652 3207 τί
669 3142 833 3230 δρασείεις
839 3171 850 3226 ‚·
868 3144 976 3230 πτίλῳ
990 3143 1122 3227 μέλλεις

20 3325 22 3330 ,
114 3243 195 3331 λασίης
1181 3232 1185 3240 ’

537 3382 588 3439 Vs.
605 3382 665 3437 591.

20 3487 22 3500 λ
98 3525 108 3556 ι
223 3484 261 3556 οὗ
279 3486 343 3577 γὰρ
361 3483 429 3554 κατ’
447 3485 538 3569 ἰσχύν
556 3485 660 3553 ἐστιν·
680 3485 710 3553 εί
729 3482 760 3552 d'
778 3483 910 3573 ἰσχυρὸς
928 3481 968 3565 εἶ,

20 3597 21 3606 ’
223 3598 257 3659 τί
273 3587 307 3677 μ’
325 3586 383 3658 οὐκ
402 3587 632 3677 ἀπεψώλησας
639 3619 650 3671 ,·

160 3711 344 3779 Pronomine
370 3735 443 3778 cum
471 3733 576 3776 carere
603 3710 657 3776 vix
683 3710 790 3788 liceat,
817 3709 977 3797 Bergkius
1000 3705 1038 3775 οὗ
1062 3705 1123 3796 σὴν

20 3873 22 3898 s
115 3809 162 3879 κατ’
180 3814 267 3898 ἰσχὺν
287 3816 421 3902 scripsit.
449 3814 588 3880 Facilius
607 3813 685 3878 mihi
701 3813 806 3878 visum
825 3824 872 3878 est
890 3813 994 3878 locum
1012 3813 1057 3878 ita
1073 3836 1125 3879 re-

20 3993 22 4022 Ι
116 3916 207 4005 fingere
232 3915 270 3987 οὗ
293 3916 357 4006 γὰρ
379 3913 448 3983 κατ’
471 3916 562 3999 ἰσχύν
580 3913 724 3983 σούστίν.
770 3914 964 4002 Corruptum
981 3916 1057 3981 item
1075 3926 1126 3981 est

20 4027 22 4072 l
117 4013 333 4109 ἀπεψώλησας,
370 4021 421 4087 cui
447 4022 607 4108 Bergkius
635 4015 887 4097 ἇπεπτίλιοσας,
919 4018 1124 4084 Hamakerus

20 4133 21 4162 t
117 4134 195 4191 autem
208 4123 450 4212 ἅπεσπόδησας
464 4124 636 4190 substituit.
656 4121 800 4207 Quorum
814 4134 959 4188 neutrum
973 4145 1124 4209 magnam

116 4230 228 4295 ueritatis
256 4229 394 4318 speciem
421 4228 526 4295 habet.
577 4226 789 4294 Scribendum
815 4226 920 4314 potius
947 4226 1129 4291 coniectura
