2859 4909
734 361 899 419 RANAE.

469 509 538 565 1255
555 503 611 569 καὶ
628 501 789 568 κάλλιστα
805 501 887 588 μέλη
907 500 1010 587 ποιή-

555 628 650 673 σαντι
667 609 735 672 τῶν
753 602 803 672 tn
823 609 880 671 νῦν
900 600 1019 688 ὄντωνς

500 781 503 788 .
553 706 721 792 θαυμάζω
738 704 801 796 rie
820 700 912 795 ἔνων
929 701 997 795 ὅπῃ

554 814 727 896 μέμψεταί
744 833 829 877 ποτε
845 814 964 877 τοῦτον

552 914 611 982 τὸν
628 918 781 999 βακχεῖον
800 907 933 994 ἄνακτα,

468 1023 538 1080 1260
554 1018 609 1084 καὶ
629 1011 747 1099 δέδοιχ’
765 1012 850 1105 ὑπὲρ
869 1010 982 1084 αὐτοῦ.

292 1165 342 1234 Ut
372 1164 413 1232 sb
439 1163 539 1231 ultera
568 1173 658 1251 purte
690 1162 854 1249 incipism,
890 1184 1021 1250 prorsus
1047 1185 1112 1230 non
1138 1164 1341 1253 intelligitur,

292 1268 454 1356 quomedo
484 1267 512 1334 is
542 1267 599 1353 qui
629 1288 665 1333 se
695 1266 804 1333 mirsri
833 1264 1011 1354 profitetur,
1047 1288 1112 1353 quo
1142 1278 1237 1356 paeto
1263 1268 1340 1354 quis

293 1370 493 1459 Aeschylum
518 1368 768 1457 reprehensurus
795 1368 850 1448 sit,
887 1368 982 1435 simul
1012 1369 1053 1437 de
1086 1392 1124 1438 eo
1157 1392 1193 1437 se
1224 1372 1340 1439 timere

293 1476 399 1542 dicere
424 1473 536 1563 possit.
581 1472 674 1539 Hsec
694 1481 761 1539 tum
783 1470 923 1539 sbsurds
944 1481 1018 1539 sunt
1039 1483 1075 1540 ut
1100 1497 1166 1541 non
1190 1473 1339 1542 dubitem

292 1578 372 1663 quin
402 1575 517 1644 chorus
547 1575 740 1643 eontrarium
770 1575 838 1642 eius
868 1574 954 1661 quud
983 1597 1068 1643 nune
1098 1576 1179 1643 dixit
1208 1577 1337 1645 dixerit.

293 1681 407 1766 Itaque
424 1678 504 1746 hsec
520 1679 565 1745 its
581 1677 622 1746 sb
640 1690 768 1745 suetore
787 1678 905 1765 scriptu
921 1679 1022 1746 fuisse
1040 1680 1198 1766 suspicorz

551 1813 719 1899 θαυμάζω
736 1812 799 1905 γὰρ
819 1811 911 1903 h'ywy’
929 1810 996 1905 ὅπῃ

551 1921 724 2004 μέμψεταί
740 1942 825 1987 ποτε
842 1899 974 1988 τουτονί

552 2018 611 2088 τὸν
628 2025 781 2106 βακχεῖον
799 2017 933 2102 ἄνακτα,

400 2161 409 2170 ·
490 2151 515 2222 '.
552 2119 611 2191 κού
631 2119 750 2207 δέδοιχ’
767 2119 851 2211 ὑπὲρ
871 2121 981 2193 αὐτοῦ.

295 2272 397 2340 Vides
416 2270 578 2359 stropham
596 2269 880 2358 elegantissimum,
905 2271 961 2339 sed
982 2294 1079 2358 quem
1101 2294 1140 2339 eu
1161 2294 1226 2358 que
1248 2296 1337 2340 nune

294 2377 411 2464 legitur
442 2374 514 2442 loeo
545 2397 566 2441 s
595 2384 690 2462 poete
720 2395 785 2440 non
815 2374 916 2441 fuisse
944 2375 1097 2462 positam,
1133 2376 1336 2462 apertissime

293 2479 409 2547 docent
426 2500 508 2565 quse
526 2478 633 2545 stetim
650 2476 701 2543 his
720 2475 918 2544 subiciuntur
934 2476 1098 2565 Euripidis
1120 2477 1231 2546 verbs:

423 2623 512 2693 πάνυ
530 2647 568 2711 γε
584 2624 665 2711 μέλη
683 2622 882 2707 θαυμαστά·
902 2623 1002 2706 δείξει
1018 2620 1080 2713 γὰρ
1097 2622 1192 2707 τάχα.

295 2770 349 2837 Ex
366 2769 483 2855 quibus
500 2768 699 2855 intelligitur,
723 2791 851 2836 carmen
868 2768 955 2836 chori
976 2791 1071 2837 versu
1090 2768 1185 2838 1256.
1207 2770 1334 2838 finitum

293 2874 406 2940 fuisse.
452 2871 612 2956 Quaeres
634 2882 700 2937 tam
722 2872 853 2939 evidens
870 2883 933 2951 est,
956 2883 993 2938 ut
1013 2871 1092 2938 nihil
1112 2881 1231 2940 temere
1252 2875 1334 2941 mihi

293 2976 409 3043 fecisse
439 2974 562 3053 videar,
597 2974 684 3060 quod
714 2975 773 3042 hos
805 2986 954 3062 quattuor
982 2997 1093 3042 versus
1124 2977 1158 3042 in
1189 2980 1334 3066 margine

292 3077 465 3167 posuerim.
511 3074 578 3144 Sed
599 3077 694 3144 etiem
716 3100 755 3145 eu
776 3100 858 3164 quae
879 3087 1000 3145 restent
1020 3089 1057 3145 ut
1076 3101 1161 3147 nune
1182 3080 1334 3169 leguntur

293 3183 335 3252 nb
358 3179 573 3269 Aristophane
594 3203 660 3248 uun
680 3181 766 3248 fecta
788 3192 872 3249 sunt.
920 3183 973 3249 Ae
993 3184 1099 3269 priore
1118 3182 1173 3272 illu
1194 3191 1333 3273 φροντί-

295 3287 360 3370 ζειν
381 3282 443 3374 γὰρ
467 3280 562 3372 's'ywy'
583 3281 660 3367 ἔχω,
688 3284 722 3349 in
748 3284 864 3371 quibus
890 3283 1075 3369 θαυμάζειν
1100 3286 1206 3373 potius
1234 3309 1332 3373 quum

294 3388 478 3479 φροντίζειν
496 3386 717 3476 expectabam,
741 3408 825 3453 nunu
842 3410 907 3454 nou
924 3389 1092 3476 attingam3
1119 3399 1152 3455 st
1168 3399 1333 3477 postrema

293 3494 348 3561 ills
377 3497 443 3560 τῶν
474 3489 524 3559 ἔτι
553 3495 610 3558 νῦν
640 3486 744 3558 ὄντων
770 3500 871 3557 metro
896 3513 962 3558 non
992 3491 1097 3558 minus
1127 3513 1223 3577 quem
1255 3515 1333 3560 seu-

291 3596 410 3663 tentiee
436 3594 652 3661 adversentur.
695 3592 808 3678 Neque
833 3593 928 3680 plene
954 3594 1106 3661 tolluntur
1134 3594 1212 3661 vitiu
1242 3596 1332 3662 eriti-

293 3722 404 3766 eorum
437 3697 642 3775 coniecturis,
678 3718 813 3782 quorum
848 3696 1013 3763 Bentleius
1047 3701 1114 3764 τῶν
1153 3694 1203 3764 ἔτι
1242 3705 1331 3777 νυνί,

293 3803 498 3870 Hermennus
524 3805 590 3867 τῶν
617 3798 666 3867 ’ἑτι
691 3794 724 3886 y'
749 3794 865 3879 ὄντων,
880 3781 884 3802 ’
902 3799 1063 3888 Bergkius
1094 3799 1231 3886 denique
1261 3807 1331 3869 ιιῦν

293 3904 343 3972 ἔτι
368 3905 425 3970 καὶ
449 3909 505 3970 νῦν
531 3903 741 3971 coniecerunt.
784 3901 945 3989 Equidem
973 3925 1047 3970 cum
1076 3902 1191 3971 dubius
1218 3903 1332 3973 haere-

292 4030 374 4085 rem,
410 4015 516 4071 utrum
545 4011 612 4073 τῶν
637 4010 734 4091 μέχρι
763 4011 834 4073 νυνί
863 4028 905 4071 uu
936 4010 1002 4074 ιιῦν
1033 4005 1143 4095 πάρος
1174 4001 1277 4076 ὄντων
1311 4032 1331 4075 a

292 4118 387 4200 poeta
408 4108 559 4193 seriptum
582 4118 680 4186 esset,
707 4108 795 4193 prius
818 4118 853 4175 ut
880 4109 1057 4196 expeditius
1083 4109 1330 4196 praeferendum

290 4212 410 4304 putavi,
