2859 4909
327 329 334 336 ·
453 371 790 432 ACHARNENSE&
1104 364 1144 429 17

15 561 17 578 r
126 517 291 583 adverbium
308 517 426 601 requiri
442 515 617 595 videbatur,
631 538 691 603 per
704 517 828 582 Iobatem
845 518 961 603 ιφνιγίι
977 518 1055 585 residi
1070 544 1145 609 φνα-
1240 577 1245 584 .

15 623 17 710 J
125 621 239 711 ostentas
255 644 294 687 es.
328 619 432 686 'Nunc
448 620 481 685 in
499 618 646 685 Elmsleii
664 619 820 685 sententia
837 620 1013 704 acquiesco.

560 806 610 864 Vs.
628 806 690 861 920.

301 910 413 992 ἐνθεὶς
430 907 471 980 ἂν
489 909 524 991 ἐς
544 916 644 1001 τίφην
662 907 743 1000 δαὴρ
760 910 937 992 Βοιώτιος.

15 1037 17 1122 ξ
124 1036 131 1046 “
175 1034 220 1101 Νε
251 1033 415 1099 minimam
447 1033 576 1118 quidem
610 1031 841 1120 probabilitatis
876 1033 1014 1120 speciem
1050 1034 1146 1103 babet

119 1138 285 1205 Hamakeri
315 1136 422 1224 opinio
452 1159 511 1224 pro
541 1139 641 1224 τίφην
672 1134 830 1202 hocloco
857 1135 986 1224 σκάφην
1013 1149 1045 1204 et
1070 1139 1144 1206 925.

15 1301 17 1330 ᾖ
119 1241 239 1330 σκάφης
255 1264 315 1328 pro
331 1244 432 1327 τίφης
450 1238 667 1306 coniectantis.
702 1238 814 1325 Neque
832 1262 962 1306 cansam
979 1240 1073 1307 video
1091 1264 1148 1309 cur

118 1346 189 1412 fides
210 1345 386 1432 denegetur
404 1342 524 1410 Suidae
541 1341 720 1407 testimonio
738 1342 802 1408 iam
820 1342 861 1409 ab
879 1342 1035 1410 Elmsleio
1052 1345 1147 1411 allato

117 1450 251 1537 Σίλφη·
281 1442 388 1524 ὄνομα
407 1445 566 1533 ζωυφίοο.
593 1447 649 1511 καί
667 1447 791 1534 σίλφας
808 1446 958 1534 λέγουσιν
976 1447 1047 1535 εῖδη
1066 1444 1148 1515 risn-

15 1611 17 1636 p
118 1557 199 1619 τίων.
244 1550 383 1617 Constat
407 1550 509 1637 σίλφη
537 1558 569 1614 et
593 1553 675 1637 τίφη
707 1550 812 1616 varias
843 1550 985 1616 eiusdem
1010 1551 1147 1619 nominis

15 1639 17 1694 i
119 1655 229 1720 formas
248 1676 331 1720 esse.
371 1652 496 1718 Nomen
514 1662 619 1717 autem
637 1652 716 1717 illud
734 1653 853 1740 navigii
870 1675 972 1740 genus
991 1678 1010 1719 a
1027 1654 1148 1722 formae

15 1825 17 1836 ,
120 1758 315 1824 similitudine
325 1778 398 1821 curn
408 1755 596 1822 animalcula
608 1754 662 1821 illo
675 1756 770 1821 traxit
777 1781 787 1835 ;
806 1756 1020 1843 similiterque,
1038 1769 1074 1823 ut
1087 1758 1149 1825 alia

15 1855 17 1938 i
120 1862 263 1940 omittam,
281 1858 452 1945 κάνθαρος
466 1856 604 1945 scaphae
616 1880 720 1945 genus
733 1858 951 1946 appellabatur
968 1860 1010 1928 ob
1028 1862 1148 1929 formae

15 1957 17 2034 ἶ
122 1964 349 2029 similitudinem
368 1984 442 2026 cum
460 1960 641 2027 scarabaeo.
687 1959 872 2046 Sequuntur
889 1964 962 2031 923.
981 1963 1075 2031 haec:

166 2065 277 2153 κε’ίντερ
295 2064 434 2150 λάβοιτο
452 2070 517 2131 τῶν
535 2069 616 2132 νεῶν
633 2061 671 2130 τὸ
691 2070 759 2150 πῦρ
778 2060 884 2147 ἅπαξ,

167 2162 342 2256 σελαγοῖντ’
360 2163 400 2234 ἂν
418 2163 531 2246 εὖθάς.
568 2176 653 2234 ΔΙΚ.
673 2156 701 2233 α’
719 2164 843 2235 κάκιστ’
860 2165 1078 2256 ἀπολούμενε,

168 2266 344 2359 σελαγοῖντ’
362 2267 402 2339 ds
420 2266 488 2338 δντὸ
506 2274 607 2359 τίφης
624 2294 661 2336 τε
679 2272 734 2337 καὶ
752 2272 955 2358 θρυαλλίδος
961 2302 973 2355 ,·

15 2421 17 2450 =
179 2375 229 2441 Ita
249 2376 330 2441 haec
357 2397 429 2440 cum
452 2374 522 2440 aliis
549 2373 634 2439 edidi
660 2373 701 2439 ad
723 2385 861 2440 mentem
882 2374 1038 2441 Piersoni.
1083 2374 1151 2444 Sed

15 2457 17 2486 i
124 2501 174 2565 pro
190 2474 293 2557 εὐθὺς
311 2478 403 2544 codd.
421 2477 489 2543 fere
508 2475 544 2542 αί
560 2481 638 2565 νηῦς
651 2476 779 2555 habent,
797 2477 879 2542 Rav.
896 2486 1001 2543 autem
1017 2478 1053 2544 αῖ
1065 2484 1149 2567 νῆες,

15 2629 17 2678 2
69 2601 73 2606 ¹
124 2594 155 2648 Γ.
168 2581 279 2669 αἱνῆς,
299 2582 389 2647 cuius
403 2581 524 2646 formae
538 2581 597 2645 etsi
610 2579 732 2645 nullum
746 2579 998 2668 exemplumest,
1016 2581 1151 2651 fortasse
1195 2621 1199 2626 -

15 2695 16 2758 ᾗ
125 2695 220 2750 tamen
241 2686 286 2749 ita
310 2683 525 2762 scribendum,
554 2683 611 2749 sed
631 2693 667 2748 ut
688 2684 788 2749 oratio
809 2683 905 2770 paulo
926 2684 1016 2751 aliter
1041 2685 1153 2753 distin-

15 2777 16 2824 ί
125 2800 244 2877 guatur:
269 2782 448 2874 σελαγοῖντ’
466 2780 515 2853 div.
554 2795 645 2854 AJK.
670 2785 707 2851 oi
723 2791 792 2874 νῆς,
817 2775 988 2855 abacistae³
1004 2784 1153 2857 άντολού-

15 2929 16 2940 1
125 2895 204 2974 μενε,
238 2886 418 2976 σελαγοῖντ’
444 2884 484 2956 ἂν
504 2926 549 2937 -
569 2889 791 2975 θρυαλλίδος·
836 2888 902 2956 Sed
927 2901 1033 2977 potest
1058 2894 1152 2960 etiam

15 2979 17 3064 ῗ
125 2992 198 3060 Rev.
217 2995 371 3081 scriptura
389 2992 525 3079 probari,
544 2993 573 3058 si
590 2992 679 3058 locus
697 2993 742 3058 ita
759 2992 920 3059 scribitur:

15 3087 16 3090 ¹
267 3091 446 3183 σελαγοῖντ’
463 3090 503 3161 dv
523 3094 559 3161 at
576 3101 650 3183 νῆες
666 3091 791 3162 κάκιστ’
808 3091 1044 3182 ἀπολούμεναι.

161 3210 244 3268 ΔΙΚ.
265 3195 444 3286 σελαγοῖντ’
462 3194 502 3265 dv
520 3193 589 3265 άπὸ
606 3202 708 3287 τίφης
726 3222 762 3265 τε
780 3199 835 3265 καὶ
853 3201 1076 3289 θρωαλλίδοςς

125 3303 143 3367 ἱ.
168 3326 194 3369 e.
222 3305 401 3369 collimarent
417 3303 558 3390 flammis
580 3305 711 3390 pessime
732 3305 900 3391 periturae.
943 3302 1053 3369 Dubia
1079 3305 1155 3370 item

15 3427 17 3492 ᾗ
125 3408 274 3495 scriptura
290 3430 339 3473 vs.
357 3406 432 3473 927.

250 3510 308 3589 δάς
325 3535 386 3595 μοι
402 3509 558 3598 φορυτόν,
578 3503 617 3575 ἵν’
635 3504 734 3575 adedo
752 3506 890 3596 ἐνδήσας
908 3512 1011 3598 φέρω.

181 3614 295 3699 Neque
309 3614 354 3678 ita
366 3613 444 3679 haec
458 3612 499 3679 ab
513 3612 729 3699 Aristophane
745 3611 839 3680 scribi
856 3621 1034 3699 potuerunt,
1052 3636 1156 3700 neque

15 3715 16 3724 ’
124 3727 155 3782 ut
175 3717 276 3785 voluit
292 3715 479 3782 Dindorfrus
498 3714 623 3802 ἕνδήσω
643 3718 767 3801 φέρων,
790 3714 843 3780 vel
864 3725 900 3780 ut
921 3714 1082 3804 Bergkius
1100 3739 1157 3785 vo·

15 3843 17 3864 ι
123 3818 178 3886 luit
204 3819 344 3907 ἐνδήσας
371 3823 483 3907 φέρῃς.
527 3818 719 3885 Nicarchum
746 3840 849 3903 neque
873 3817 1078 3906 Dicaeopolis
1100 3820 1157 3888 ab·

15 3931 16 4004 j
123 3922 239 3989 laturus
258 3932 317 4003 est,
336 3944 439 4007 neque
456 3922 597 3988 Boeotus
615 3921 793 4008 illigatums
799 3946 808 4000 3
826 3921 967 4010 illigatur
983 3947 1002 3988 a
1017 3922 1157 3990 Dicaeo-

15 4009 17 4098 i
123 4026 238 4112 polide,
267 4027 408 4091 aufertur
426 4049 445 4091 a
466 4025 599 4092 Boeoto.
646 4022 859 4091 Scribendum
882 4027 979 4115 igitur
1001 4037 1036 4092 ut
1058 4026 1158 4093 voluit
1235 4067 1238 4076 ι

123 4128 294 4196 Elmsleius
317 4124 417 4197 αὐτὸν
440 4126 565 4218 ἒνδήσω
589 4133 716 4218 φέρειν,
741 4138 794 4193 aut
816 4139 851 4193 ut
873 4130 943 4217 ipse
966 4129 1086 4197 conieci
1109 4129 1159 4197 ἓν·

15 4243 16 4312 3
127 4231 228 4321 δήσω·
248 4235 341 4322 φέρε.
368 4303 377 4316 „

173 4350 523 4407 Heswrest'inuiciaalrtstopt.
920 4337 942 4402 2
