2859 4909
176 1065 179 1073 ’
244 1067 950 1184 εΗΕεΜοΡΗοαΙΑΖοεΑΕ.

549 1339 600 1398 Vr.
618 1339 645 1395 2.

231 1458 402 1549 ἀπολεῖ-μ’
418 1459 526 1530 ἀλοῶν
544 1456 728 1554 ἅνθρωπος
744 1461 781 1545 ἐξ
797 1461 952 1532 ἑωθινοῦ.

106 1633 109 1640 >
152 1601 358 1671 Seribendum
374 1600 514 1667 ·'videtur
544 1596 646 1679 ἀλῶν,
682 1622 786 1687 neque
817 1602 902 1669 enim
931 1601 1118 1672 verberabat

100 1706 239 1775 bominem
249 1704 433 1794 Euripides,
452 1702 510 1770 eed
527 1701 561 1770 ἒν
577 1704 683 1792 κύκλῳ
697 1704 904 1793 περιήγαγεν,
921 1730 979 1795 per
996 1707 1117 1775 viarum

99 1811 240 1879 araceus
275 1807 541 1877 circumducebat.
592 1806 824 1876 Divereiaaima
860 1821 934 1877 aunt
969 1807 1051 1879 ἀλάν
1087 1824 1119 1880 et

101 1911 184 1982 ἀλοᾶν
203 1915 270 1982 eive
295 1908 412 1992 ἀλοᾶν,
438 1933 574 1998 quorum
599 1910 679 1977 illud
704 1911 784 1977 nihil
809 1912 916 1980 differt
937 1938 957 1982 a
978 1915 1116 1984 πλανᾶν.

101 2016 328 2085 confunduntur
356 2014 436 2081 haee
461 2013 557 2081 etiam
587 2013 628 2081 ab
655 2013 822 2104 Hesychia
844 2012 966 2084 ᾌλοῶ·
1000 2020 1116 2085 πλανῶ

101 2130 125 2187 et
142 2118 266 2189 ἰλλοάν·
292 2120 439 2186 πλανῶν.
466 2117 523 2184 καλ
543 2116 687 2185 τύπτων.
732 2118 831 2203 Quod
852 2120 973 2187 activae
994 2120 1116 2188 formae
1157 2123 1160 2130 ’

102 2224 202 2292 nullum
217 2235 382 2313 praeterea
399 2219 581 2307 exemplum
598 2231 698 2302 extat,
717 2222 795 2289 nihil
813 2223 855 2290 ad
871 2244 938 2290 rem
955 2222 1041 2290 facit,

247 2523 275 2620 ᾦ
293 2532 352 2618 μὲν
369 2532 503 2616 βλέπειν
518 2528 579 2618 χρὴ
597 2527 700 2617 πρῶτ’
718 2530 942 2620 ἐμηχανήσατο

244 2631 426 2725 ὀφθαλμὸν
445 2630 620 2719 ἀντίμιμον
637 2631 731 2722 ἡλίου
749 2641 866 2723 τροχῷ,

244 2736 326 2827 ἀκοῇ
346 2738 382 2805 δὲ
397 2738 519 2825 χοάνην
537 2726 607 2804 ὦτοι
626 2738 864 2826 διετετρήνατο.

353 2440 356 2446 -
540 2407 590 2465 Va.
610 2409 652 2464 16.

150 2876 250 2944 Versu
268 2878 361 2944 tertio
379 2876 504 2943 codices
524 2872 623 2963 ἀκοὴν
638 2875 675 2942 et
685 2875 807 2964 χοάνης
820 2876 947 2955 habent,
966 2879 1017 2944 eui
1030 2879 1116 2965 quod

27 3009 28 3094 η
103 2977 229 3047 Reiskiua
257 2980 420 3068 aubatituit
446 2978 537 3065 δίκην
560 2978 596 3046 δὲ
616 2979 750 3067 χοάνης,
777 2981 896 3068 recepit
917 2979 1116 3049 Dindorfiua.

27 3097 28 3174 η
102 3081 203 3174 Nollem
225 3083 359 3163 factum,
382 3082 521 3171 loquitur
542 3081 627 3147 enim
648 3093 744 3168 poeta
764 3083 804 3148 de
822 3082 951 3150 auribus
970 3095 1037 3151 tum
1054 3088 1118 3173 pri·

27 3177 28 3250 λ
102 3207 171 3252 mum
186 3211 205 3254 a
222 3187 282 3253 deo
299 3187 394 3253 saetis
400 3211 409 3265 3
427 3208 492 3251 non
509 3195 616 3250 autem
633 3184 694 3252 hoe
712 3186 803 3264 dicit,
822 3209 915 3252 aures
932 3187 996 3253 iam
1014 3188 1115 3255 factas

27 3257 28 3352 i
102 3287 177 3355 deum
192 3289 383 3378 perforasse.
426 3288 596 3355 Praeterea
613 3290 792 3356 necessario
810 3287 936 3355 auditus
954 3290 999 3355 ita
1015 3292 1117 3357 nomi·

101 3393 203 3460 nardus
226 3402 307 3472 erat,
329 3403 366 3458 ut
384 3392 484 3459 oeulis
501 3402 587 3460 esset
605 3393 780 3479 oppositus.
825 3391 909 3457 Eam
926 3390 967 3458 ob
986 3415 1116 3460 eausam

101 3496 192 3582 reripai
211 3506 386 3584 praeeunte
406 3494 559 3563 Dobraeo
582 3492 663 3583 ἀκοῇ
687 3495 724 3561 δὲ
743 3493 877 3580 χοάνην,
901 3497 1022 3561 auditui
1042 3496 1064 3562 i.
1087 3520 1115 3564 e.

101 3584 170 3681 brt
188 3595 319 3666 ἀκούειν
338 3597 416 3687 χρή,
443 3622 536 3666 aurea
560 3598 681 3686 χοάνην
701 3598 887 3685 perforavit,
914 3598 1000 3684 quod
1026 3621 1118 3686 prae-

27 3665 28 3752 λ
101 3711 213 3785 guenta
238 3703 359 3769 dietum
386 3713 435 3769 eat
460 3725 532 3788 pro:
563 3725 655 3769 auree
681 3702 727 3768 ita
756 3701 831 3769 feeit
856 3702 1020 3786 saetasque
1046 3726 1118 3791 per·

27 3757 28 3836 λ
101 3799 209 3885 foravit,
236 3814 273 3872 ut
293 3804 414 3892 χοάνης
436 3806 673 3872 similitudinem
694 3805 857 3871 referrent.
901 3803 1011 3872 Aliam
1032 3808 1117 3878 viam

101 3901 239 3995 Bergkius
269 3909 435 3996 ingressus
465 3931 523 3996 pro
555 3899 625 3975 ὦτα
655 3908 790 3974 coniecit
825 3902 925 3990 ὥστε,
962 3912 1117 3999 tragicum

103 4009 168 4075 enim
191 4034 368 4079 sermonem
388 4013 514 4079 *imitari
538 4022 678 4099 poetam,
710 4010 796 4097 apud
822 4034 903 4096 quoa
931 4035 1006 4080 sane
1032 4015 1117 4081 haud

27 4149 28 4152 ε
104 4130 157 4177 raro
172 4108 253 4182 ὥστε
271 4116 306 4182 in
323 4115 611 4203 comparationibus
625 4115 753 4203 ponitur
765 4136 823 4201 pro
838 4110 893 4195 ὥς,
911 4138 978 4183 non
989 4119 1117 4185 memini

106 4220 190 4283 tamea
208 4217 242 4286 id
263 4215 463 4286 substantivo
478 4219 643 4306 postponi.
