2859 4909
292 362 340 432 44
763 371 861 426 Pax.

294 526 346 583 est
368 526 400 582 et
420 538 478 602 pro
503 512 682 600 subagitare
705 511 768 576 dici
790 535 853 579 non
873 523 991 600 potest,
1015 523 1098 579 recte
1117 513 1198 579 Ven.
1217 514 1347 581 obtulit

294 624 409 705 βινεῖν.
455 617 509 685 Cf.
529 617 602 683 867.
623 620 727 700 βινεῖν
748 638 785 681 τε
802 616 858 682 καὶ
875 616 1062 684 καθεύδειν.

362 721 422 788 Vs.
449 719 524 787 344.
555 729 647 786 teneo
678 718 782 784 adhuc
808 718 894 804 quod
919 742 976 807 pro
1002 721 1116 788 vitioso
1144 722 1345 808 συβαρίζειν

295 824 410 912 scripsi
428 822 633 911 πυδαρίζειν,
652 822 738 907 quod
755 823 857 909 prima
873 821 970 912 longa
987 824 1106 890 dictum
1124 846 1194 891 esse
1213 826 1276 891 etsi
1294 849 1346 892 ex

297 928 382 1013 Equ.
401 927 474 994 697.
499 922 737 1011 ἀπεπυδάρισα
758 925 902 1009 μόθωνα
923 925 1164 1015 περιεκόκκασα
1181 939 1269 994 certo
1288 929 1345 995 ef-

296 1031 350 1097 fici
368 1053 430 1098 non
447 1038 562 1118 potest,
580 1038 687 1096 tamen
704 1028 867 1117 probabile
886 1039 944 1096 est.

750 1180 800 1237 Vs.
818 1181 878 1237 402.

426 1291 566 1356 κλέπται
583 1285 625 1354 τὰ
642 1292 696 1356 νῦν
713 1285 777 1374 γάρ
796 1285 862 1354 εἰσι
879 1288 1003 1371 μᾶλλον
1020 1284 1041 1376 ἢ
1059 1293 1196 1377 προτοῦ.

362 1408 470 1498 Vulgo
487 1409 603 1498 legitur
620 1408 759 1474 κλέπται
775 1406 838 1495 γάρ
857 1406 923 1475 εἰσι
941 1413 995 1475 νῦν
1012 1433 1049 1496 γε
1066 1410 1199 1492 μᾶλλον.
1245 1410 1336 1476 Ven.

298 1514 438 1580 κλέπται
454 1536 490 1578 τε
507 1509 569 1600 γὰρ
588 1517 643 1579 νῦν
659 1510 784 1595 μᾶλλόν
803 1510 894 1592 εἰσιν,
914 1511 1001 1597 quod
1018 1521 1170 1596 sequutus
1188 1522 1237 1578 est
1249 1511 1339 1577 Din-

299 1615 428 1693 dorfius,
447 1615 487 1680 de
505 1606 665 1701 particulis
682 1639 719 1682 τε
736 1614 809 1703 γάρ,
829 1639 971 1702 namque,
989 1615 1123 1681 afferens
1139 1613 1341 1702 Sophoclem

299 1718 417 1785 Trach.
437 1718 531 1784 1019.
555 1718 594 1783 de
615 1740 678 1803 quo
701 1718 772 1785 loco
790 1718 857 1784 dixi
874 1719 915 1784 ad
934 1717 1095 1805 Oedipum
1114 1718 1185 1786 Col.
1203 1741 1235 1805 p.
1255 1720 1336 1785 305.

299 1822 399 1888 Recte
421 1822 533 1908 opinor
552 1843 610 1908 pro
632 1845 668 1888 τε
691 1822 804 1909 scripsi
824 1821 879 1902 τά,
909 1822 966 1887 sed
988 1821 1129 1887 ordinem
1154 1821 1335 1901 verborum,

296 1925 425 2011 qualem
434 1924 515 1991 Ven.
525 1923 631 2003 habet,
648 1947 712 1992 non
726 1936 793 1991 erat
806 1947 862 1992 cur
875 1934 1038 1990 mutarem.
1074 1925 1197 1991 Versus
1206 1925 1239 1990 in
1248 1924 1337 1992 Rav.

298 2029 439 2095 omissus
457 2039 514 2095 est.

751 2181 802 2236 Vs.
820 2180 880 2235 430.

340 2283 447 2355 τδλλα
465 2281 495 2352 δ’
512 2281 661 2374 εὑρήσεις
678 2281 857 2372 ὑπουργεῖν
875 2282 971 2364 ὄντας
989 2281 1075 2371 ἡμᾶς
1093 2280 1130 2352 οὗ
1149 2282 1278 2364 κακούς.

365 2406 457 2492 Quae
476 2408 538 2473 sint
555 2403 598 2473 τὰ
616 2403 700 2472 ἄλλα
718 2406 798 2472 adeo
815 2428 878 2472 non
893 2405 1043 2493 intelligo,
1062 2416 1098 2470 ut
1109 2430 1206 2494 grave
1218 2407 1336 2472 vitium

303 2511 435 2578 subesse
461 2510 597 2577 credam.
642 2510 722 2576 Iube
750 2499 865 2588 modo,¹
886 2509 1001 2575 chorus
1027 2509 1109 2589 infit,
1136 2510 1212 2594 quid
1238 2510 1335 2576 nobis

297 2613 483 2681 faciundum
505 2614 555 2678 sit.
600 2610 666 2696 Qui
683 2613 781 2700 igitur
797 2635 927 2700 pergere
944 2613 1047 2699 potuit
1062 2617 1097 2678 ia
1113 2616 1215 2678 ceteris
1232 2605 1337 2680 cutem

298 2729 356 2782 ’νισι
382 2720 461 2782 dicto
489 2717 655 2782 obedienter
682 2715 868 2803 εκρωῖωῖεί
910 2716 1006 2782 Hanc
1032 2716 1073 2782 ob
1100 2739 1228 2782 causam
1256 2717 1336 2801 quid

208 2839 214 2847 “
300 2819 364 2884 dici
384 2818 512 2897 debeat,
535 2840 597 2884 non
620 2818 781 2884 literarum
799 2819 914 2886 ductus
933 2842 1067 2904 sequens
1085 2816 1219 2908 καὶγὰρ
1239 2816 1336 2906 εὑρή-

301 2946 370 3001 σεις
393 2920 594 2987 scribendum
621 2944 692 2989 esse
720 2922 849 2989 conieci.
894 2923 1033 2988 Facilius
1060 2933 1165 2987 tamen
1192 2923 1335 3011 corrigas

302 3024 413 3092 πάντα
431 3019 461 3089 δ’
479 3019 638 3112 εὑρήσεις.

752 3177 802 3232 Vs.
821 3177 881 3232 523.

430 3272 457 3348 ὦ
474 3277 559 3367 χαῖρ’
573 3278 710 3367 Ὀπώρα,
730 3283 786 3348 καὶ
804 3280 844 3349 σὺ
865 3277 897 3348 δ’
915 3270 942 3347 d
963 3286 1098 3368 θεωρία.

430 3383 500 3453 υίσν
519 3381 550 3451 δ)
567 3383 650 3467 έχεις
667 3383 706 3451 τὸ
725 3385 910 3473 πρόσωπον
930 3374 956 3450 ὦ
978 3389 1114 3472 θεωρία,

429 3487 499 3556 σῖσν
518 3489 554 3555 δέ
571 3499 674 3568 πνεῖς,
695 3484 742 3566 υὺς
759 3465 818 3576 ἡδὺ
837 3485 921 3555 κατὰ
939 3492 996 3575 τῆς
1012 3487 1157 3575 καρδίας,

436 3591 633 3680 γλυκύτατον
652 3585 766 3678 ιὺσπερ
786 3587 982 3679 ἀστρατείας
998 3593 1055 3657 καὶ
1070 3589 1187 3677 μύρου.

364 3711 538 3780 Damnavit
561 3712 620 3779 hos
644 3734 755 3777 versus
778 3713 874 3797 atque
895 3713 930 3776 in
951 3711 1160 3798 genuinorum
1182 3733 1335 3778 versuum

298 3817 405 3883 locum
427 3814 466 3880 ab
488 3815 709 3901 interpolatore
732 3814 881 3881 suffectos
905 3836 976 3881 esse
994 3814 1101 3880 statuit
1118 3813 1335 3895 Hamakerus,

300 3919 391 3984 cuius
410 3918 582 3984 sententiae
600 3918 769 4001 quominus
787 3917 946 3997 accedam,
964 3917 1110 4005 prohibet
1122 3918 1257 4006 insignis
1272 3919 1336 3986 loci

300 4020 471 4108 elegantia,
493 4041 575 4104 quae
597 4021 697 4087 maior
719 4031 768 4087 est
789 4043 884 4106 quam
906 4030 943 4086 ut
968 4042 1079 4088 versus
1105 4020 1176 4087 illos
1203 4022 1334 4089 falsario

297 4121 407 4190 deberi
416 4122 541 4189 credere
550 4121 653 4189 liceat.
696 4123 783 4190 Nihil
792 4125 985 4191 difficultatis
994 4124 1177 4203 remanebit,
1196 4125 1225 4191 si
1237 4148 1336 4192 versu

296 4226 441 4302 secundo
456 4248 513 4313 pro
526 4215 553 4291 ὦ
570 4230 706 4309 Θεωρία,
726 4250 806 4311 quae
820 4252 859 4295 ex
872 4227 1079 4315 praecedente
1091 4251 1186 4295 versu
1199 4229 1335 4314 repetita
