2859 4909
439 392 736 452 LYSIS'I'RA'I'A.
1045 385 1105 451 121

36 542 38 547 ’
89 536 317 624 interpolationis
344 536 559 623 suspicionem
585 538 774 604 vocaverim.
818 537 1007 605 Juramenta
1032 561 1106 605 oum

90 642 223 709 sacrificio
237 648 328 708 erant
340 640 515 719 eoniuneta,
534 640 606 708 ideo
620 634 757 724 ὀμνύναι
771 640 875 707 dicere
892 643 995 729 potuit
1011 653 1106 730 poeta

89 769 137 833 pro
165 769 230 811 eom
263 748 435 812 iuramento
469 745 651 831 naorafloare.
707 742 800 810 Haeo
834 745 897 811 nisi
931 746 1103 826 sufficiunt,

91 845 198 936 ὀμόσῃς
218 849 326 935 potius
348 857 532 933 corruptum
553 868 649 932 quarn
671 857 774 913 totum
799 869 924 914 versum
941 848 1105 916 eliminan-
1210 893 1215 911 .

89 953 153 1017 dum
175 950 364 1029 censuerim
395 972 432 1016 ao
457 950 572 1036 poterit
599 949 675 1016 satis
701 950 765 1016 leni
791 951 983 1019 correctione
1010 953 1105 1020 soribi

91 1051 266 1133 sigloardo
284 1053 393 1141 θύσῃς
410 1053 522 1139 μηδέν.

525 1238 575 1294 Vs.
594 1238 652 1293 193.

103 1373 183 1430 ΛΥΣ.
210 1375 274 1430 ποῖ
290 1360 403 1429 λευκὸν
420 1361 545 1445 ἵππον,·
584 1370 686 1430 ΚΑΛ.
715 1357 799 1429 ἀλλὰ
816 1367 891 1443 πῶς
908 1358 1086 1449 ὀμούμεθα

206 1463 317 1554 ripale,-

141 1604 207 1670 Non
232 1603 315 1670 male
342 1603 546 1669 Hamnkerus
573 1614 638 1669 ποῖ
662 1600 776 1669 λευκὸν
801 1601 909 1670 ἵππον
932 1603 1102 1672 Calauioae
1215 1670 1217 1674 ,

90 1708 225 1795 assignat3
251 1705 447 1795 probabilius
470 1716 576 1771 tamen
598 1705 676 1771 mihi
697 1705 821 1772 videtur
845 1705 950 1773 loeum
976 1707 1105 1775 lacuno-

91 1833 236 1878 ramesse
259 1821 354 1896 atquo
376 1821 448 1896 post
469 1807 576 1875 ἵππον
597 1808 703 1894 aliqua
730 1809 939 1891 intercidisse3
966 1810 1105 1879 indicare

89 1915 114 1978 id
131 1915 248 1980 ridetur
269 1934 444 1999 pronomen
469 1907 577 1999 ἡμεῖς,
604 1934 722 1999 magna
744 1934 817 1977 eum
841 1914 874 1979 vi
894 1914 927 1980 in
949 1915 1011 1982 fine
1033 1939 1105 1982 sen-

91 2018 186 2083 tentiae
206 2016 361 2104 positum,
383 2015 470 2100 quod
491 2014 559 2080 fieri
581 2037 646 2081 non
666 2016 769 2103 potuit
789 2016 853 2084 nisi
874 2015 992 2103 aliquid
1013 2041 1105 2106 prae-

90 2121 178 2200 cessit,
208 2120 295 2206 quod
320 2118 366 2184 illi
391 2113 486 2205 ἡμεῖς
512 2118 692 2205 oppositum
719 2129 795 2185 erat.
841 2119 925 2186 Cum
953 2119 1104 2189 Gelonion

90 2224 146 2290 albo
162 2246 240 2309 equo
258 2224 364 2289 facere
381 2221 611 2309 proposuisset,
632 2219 833 2288 abominatur
854 2221 948 2288 talem
965 2223 1103 2291 hostiam
1165 2275 1167 2278 ψ

90 2328 250 2413 Lysistrata
270 2336 307 2391 ut
329 2324 405 2391 mali
427 2324 541 2391 ominis
558 2346 661 2409 neque
678 2325 845 2392 mulierum
864 2326 967 2392 coetui
985 2336 1102 2415 aptam,

20 2455 21 2536 p
90 2431 184 2514 quibus
208 2451 322 2497 venere
349 2428 507 2494 abstinere
539 2428 744 2495 constitutum
775 2439 851 2495 erat.
903 2428 1023 2496 Notum
1053 2443 1104 2498 est

90 2534 151 2617 qnid
166 2535 206 2616 sit
220 2527 432 2620 tnaog‘apud
449 2530 706 2618 Aristophanem.
755 2531 839 2614 Quid
855 2544 888 2597 tu
904 2534 1103 2600 miroaltum

88 2660 178 2722 apuam
199 2633 331 2702 aaaron?
373 2638 475 2701 veneri
495 2638 667 2701 deditarum
688 2636 761 2701 ίιαοο
778 2647 822 2701 est
838 2635 953 2713 ίιονίύας
976 2650 1009 2702 ατ
1026 2660 1102 2725 quo-

20 2791 21 2822 p
90 2743 161 2805 ruodo
176 2741 345 2806 iurabimua
362 2735 438 2804 aaa?
480 2736 559 2803 Tale
576 2733 655 2822 quid
671 2737 733 2805 hoo
749 2738 820 2805 loco
838 2738 997 2820 desidero,
1016 2763 1102 2808 eam-

20 2833 21 2924 l
92 2862 138 2925 que
154 2842 190 2909 ob
208 2865 338 2910 causam
352 2835 501 2907 lacunam
518 2840 657 2906 indicavi
673 2841 718 2907 ita
735 2841 802 2908 sere
821 2841 1023 2930 explendam:

177 2975 238 3030 ποῖ
253 2958 367 3028 λευκὸν
385 2961 509 3043 ἵππον,·
527 2963 571 3042 Ιτί
587 2958 628 3027 σὺ
647 2963 768 3048 leynam,-
786 2958 993 3050 ἀφροδισίων

178 3060 257 3153 αύτη
276 3070 384 3131 θυσία
399 3060 514 3147 ’nalal
533 3058 617 3130 ἀλλὰ
634 3070 708 3144 πιῦς
727 3060 904 3150 ὀμούμεθα

176 3166 285 3257 ἡμεῖςν

90 3284 162 3354 Haea
179 3291 305 3357 sirecte
323 3288 495 3375 disputavi,
519 3288 613 3353 simul
634 3288 820 3375 intelligitur
841 3286 938 3355 verba
956 3284 1039 3355 ἀλλὰ
1058 3328 1100 3339 -

20 3453 21 3482 p
89 3385 176 3474 ἡμεῖς,
196 3415 275 3478 quae
299 3392 396 3481 vulgo
421 3391 591 3459 Oaloniaae
615 3404 704 3470 sunt,
727 3414 778 3457 me
800 3403 884 3458 reete
902 3392 1099 3477 Lysistratus

90 3495 275 3562 continuasse.

170 3793 189 3892 ἦ
207 3799 301 3871 πόλλ’
318 3798 432 3870 ἄελπτ’
449 3783 571 3871 ὀνεστιν
590 3802 623 3870 ἓν
639 3809 687 3890 τῴ
706 3808 821 3890 μακρῷ
838 3808 902 3891 βίῳ
922 3808 995 3892 φεύ.

137 3939 182 4005 Ita
194 3941 330 4007 conexit
338 3940 499 4029 Reisigius
513 3940 658 4010 codicum
673 3941 860 4027 scripturam
874 3937 987 4009 ἄελπτ’
1002 3939 1073 4009 ἔστί
1091 3996 1098 4014 .

89 4035 216 4109 Fortasse
243 4057 350 4110 tamen
376 4039 505 4109 ὀίελπτα
531 4039 645 4130 μίμνετ’
671 4042 887 4123 scribendum,
924 4055 959 4110 ut
984 4046 1100 4133 legisse

89 4140 192 4210 ridetur
211 4146 354 4212 Iulianus
378 4144 438 4213 Or.
460 4146 524 4211 Ill.
547 4167 578 4233 p.
601 4146 675 4211 204.
692 4160 719 4211 ἃ.
747 4136 766 4232 ἦ
789 4145 898 4214 πολλὰ
919 4153 1043 4234 γίνεται
1067 4147 1100 4217 ἒν

89 4254 183 4334 μακρῷ
208 4250 330 4336 χρόνῳ·
367 4255 465 4316 τοῦτο
498 4246 532 4315 ἐκ
562 4255 621 4336 τῆς
651 4251 829 4336 κωμῳδίας
860 4247 1014 4337 ἀκηκοότι
1039 4275 1100 4335 μοι

20 2929 21 3008 l

20 3323 21 3366 l

20 3487 21 3574 l

517 3680 567 3736 Vs.
585 3681 646 3737 256.

20 3797 21 3860 l

20 4667 21 4744 l
