2859 4909
522 370 645 430 Avus.
1060 361 1106 470 83·

26 587 27 594 η
93 514 289 603 θορρολείὸου
312 539 332 580 a
349 516 541 603 θαρραλέος
561 515 743 581 formatum.
789 514 843 582 cf.
861 514 997 583 Lobeck
1014 515 1101 583 Prol.

90 618 189 705 pathol.
205 640 236 705 p.
253 617 328 685 516.
374 618 451 684 Keil
468 617 564 685 Anal.
583 641 616 706 p.
637 619 709 686 136.

529 788 579 844 Vs.
599 789 642 843 19.

151 890 194 959 τά
212 887 243 960 d’
261 889 320 959 οὐκ
337 888 388 981 ἄρ’
404 888 507 980 ἤστην
526 889 620 961 οὐδὲν
639 888 720 960 άλλο
738 891 825 981 πλὴν
843 893 981 963 δάκνειν.

149 998 202 1063 καὶ
217 1001 274 1063 νῦν
290 1000 326 1063 τί
341 1000 492 1082 κέχηνας,·
510 992 584 1064 ἴσθ’
601 991 683 1065 ὅσοι
700 995 785 1064 κατὰ
800 1002 869 1065 τῶν
885 1002 1016 1088 πετρῶν

26 1117 27 1208 ξ
149 1095 232 1186 ἡμᾶς
249 1098 286 1167 ἔτ
282 1095 412 1181 ’ἄξεις

26 1211 27 1272 l
138 1216 278 1303 Quod''
255 1243 357 1308 ηστην
380 1220 507 1308 scripsi,
534 1241 598 1289 non
624 1231 674 1287 est
699 1244 738 1288 ea
765 1220 884 1287 novitia
911 1220 1102 1300 emendatio,
1207 1281 1212 1290 .

26 1287 131 1388 sed
144 1332 232 1389 vetus
251 1324 408 1411 scriptura
425 1325 520 1391 etiam
533 1348 553 1391 a
566 1324 735 1392 Dindorfio
747 1334 995 1412 repraesentata3
1012 1325 1104 1412 igno·

87 1427 150 1491 ravit
168 1427 230 1493 hoc
249 1426 393 1494 Cobetus
411 1425 454 1493 V
472 1428 514 1497 L
532 1451 565 1515 p.
584 1429 659 1494 381.
677 1428 792 1495 iisdem
808 1427 995 1494 testimoniis
1013 1427 1103 1493 illum

26 1561 27 1566 1
26 1530 190 1595 dicendi
198 1530 330 1597 modum
339 1530 495 1610 muniens,
509 1530 756 1616 quibusdudum
765 1529 1103 1597 usierantBrunckius

26 1647 27 1708 1
87 1642 162 1718 atque
177 1633 378 1700 Dindorfius.
424 1632 521 1718 Quod
541 1634 627 1701 idem
645 1657 675 1700 v.
694 1634 725 1700 d.
744 1631 1103 1722 Mnem.V11.p.276.

88 1736 238 1823 Amphidis
260 1738 366 1804 locum
389 1736 573 1826 aDiogene
590 1738 722 1804 Laertio
745 1748 906 1804 servatum
928 1737 974 1805 sic
990 1737 1104 1828 refingi

89 1840 180 1906 voluit:

195 1942 241 2027 ὡς
261 1941 356 2012 οὐδὲν
373 1934 468 2032 ἦσθα
486 1941 572 2032 πλὴν
590 1942 845 2033 σκυθρωπάζειν
861 1942 972 2028 μόνον,

26 2089 27 2108 ¹
87 2066 163 2131 etiam
187 2066 240 2133 hic
266 2067 316 2132 vir
346 2065 549 2132 doctissimus
581 2074 687 2131 actum
713 2065 789 2151 egit.
816 2086 847 2130 v.
876 2063 969 2132 Com.
996 2086 1102 2152 graec.

88 2166 181 2256 fragm.
199 2169 250 2236 ed
270 2170 346 2235 min.
364 2169 427 2234 vol.
442 2169 470 2234 1.
488 2191 520 2255 p.
534 2166 651 2234 XVII.
696 2168 847 2235 Ceterum
864 2167 899 2232 in
914 2166 1105 2255 Aristopha-

88 2272 125 2337 nis
139 2273 204 2339 loco
220 2267 323 2360 ἤστην
341 2296 381 2338 an
398 2265 500 2360 ᾔστην
520 2263 688 2349 scribatur,
707 2269 787 2335 nihil
803 2271 942 2337 interest
987 2268 1103 2361 Cobeti

26 2367 27 2396 ³
88 2386 264 2463 argumento,
284 2371 378 2442 οὐδὲν
397 2371 474 2441 οἶδα
487 2372 573 2461 πλην
587 2372 715 2441 δάκνειν
728 2372 965 2460 Aristophaneo
977 2372 1104 2439 dicendi

26 2511 27 2554 3
88 2480 145 2544 usui
159 2501 335 2567 repugnare
357 2476 503 2556 dicentis,
527 2478 737 2543 tantominus
760 2476 880 2562 aliquid
901 2476 1103 2544 tribuendum

26 2615 27 2660 3
88 2592 133 2659 est,
148 2606 218 2648 cum
235 2605 276 2648 ne
293 2581 370 2647 illud
388 2580 526 2667 quidem,
545 2579 632 2665 quod
645 2580 714 2666 ipse
727 2578 1103 2667 uniceAristophaneum

26 2699 27 2764 η
88 2686 160 2766 dicit,
185 2686 247 2752 alio
273 2685 367 2751 huius
394 2694 506 2774 poetae
534 2682 679 2769 exemplo
701 2683 880 2750 confirmari
904 2684 1019 2770 possit,
1048 2683 1104 2768 qui

26 2773 27 2844 ἒ
88 2789 200 2855 verbum
217 2788 287 2873 εἰμὶ
304 2811 464 2874 nusquam
483 2810 555 2854 cum
573 2786 738 2865 infinitivo,
758 2786 816 2853 sed
833 2797 1013 2854 constanter
1030 2808 1103 2852 cum

26 2907 27 2944 2
89 2891 266 2959 substantivo
284 2892 490 2970 coniunxerit,
511 2886 605 2957 οὐδὲν
622 2890 684 2979 γάρ
704 2887 778 2957 ἐστε
796 2887 881 2978 πλὴν
898 2891 988 2972 κοάξ,
1010 2885 1103 2957 οὐδὲν

26 3067 27 3070 ¹
88 2994 134 3084 γάρ
155 2995 225 3064 ἐστε
247 2993 333 3082 πλὴν
360 2994 471 3082 σκάφη
499 3004 559 3060 etc.
603 2992 648 3059 Et
674 2993 751 3077 quid
777 2993 832 3059 fiet
858 2994 898 3059 de
924 2994 1006 3061 Rau.
1031 2995 1102 3061 740.

90 3092 163 3183 ὅστις
177 3124 214 3187 γε
231 3104 340 3166 πίνειν
358 3094 429 3165 οἶδε
445 3099 502 3164 καὶ
519 3101 621 3181 βινεῖν
638 3094 765 3180 μόνονλ

529 3266 579 3323 Vs.
597 3267 640 3321 23.

132 3404 138 3419 ¹
236 3371 257 3462 ἡ
277 3370 344 3461 d'ri
363 3372 488 3462 κορώνη
506 3378 565 3460 τῆς
583 3369 663 3440 <ioco
682 3398 716 3439 τι
733 3373 820 3459 λέγει
837 3374 926 3456 πέρι.
979 3452 986 3458 ⁸

136 3494 348 3563 listhetaerus
375 3505 407 3559 et
427 3493 602 3581 Euelpides
624 3495 658 3558 in
679 3515 734 3559 eas
757 3514 792 3557 se
813 3491 959 3579 regiones
982 3490 1102 3557 delatos

88 3616 143 3663 esse
161 3608 349 3684 querimur,
370 3597 426 3663 ubi
447 3619 506 3663 nec
527 3596 580 3663 via
601 3619 660 3663 nec
679 3597 791 3662 semita
809 3595 859 3662 sit.
904 3594 989 3669 Tum
1006 3593 1105 3660 Euel-

26 3747 27 3772 .
88 3699 159 3781 pides
179 3726 252 3768 eum
273 3723 370 3786 quem
392 3700 547 3788 adscripsi
567 3722 694 3767 versum
721 3698 873 3784 loquitur,
902 3721 997 3783 quem
1014 3698 1103 3770 alios

26 3809 27 3822 ²
90 3797 321 3892 λριστηματικιῦς
329 3804 408 3871 alios
419 3800 640 3892 άντοφατικιῦς
649 3802 799 3868 extulisse
810 3801 981 3869 scholiasta
995 3814 1104 3871 auctor

26 3939 27 3962 ι
89 3916 137 3984 est3
152 3917 205 3994 pro
222 3905 243 3995 ἡ
263 3903 293 3975 δ’
309 3904 329 3995 ἡ
348 3907 489 3995 plerique
506 3906 579 3973 libri
597 3901 705 3992 osid’ri
725 3905 852 3985 habeut,
872 3905 913 3972 R.
928 3916 1034 3973 autem
1047 3899 1101 3994 ἧδ’

26 4077 27 4096 1
90 4000 116 4089 ἡ,
134 4012 210 4078 uude
227 4002 248 4099 ἧ
267 4005 300 4079 δ’
320 4007 341 4097 ἡ
364 4011 461 4077 edidit
482 4009 685 4089 Dindorfius,
709 4032 782 4076 cum
801 4019 894 4077 antea
915 4018 1016 4077 totum
1034 4033 1105 4077 ver·

26 4173 27 4176 ,
90 4129 146 4177 εισι
160 4115 201 4181 ita
218 4114 421 4182 scribendum
439 4136 510 4180 esse
529 4113 718 4179 censuisset:

198 4244 201 4252 “
241 4223 274 4285 τί
293 4214 324 4285 d'
341 4213 361 4304 ἦ
380 4215 505 4304 κορώνη
523 4221 582 4303 τῆς
601 4211 681 4283 ὁδοῦ
699 4218 788 4303 λέγει
804 4221 900 4303 σέρις

843 4319 888 4385 646
