2859 4909
445 344 785 404 ncnsnunusus.
1103 337 1135 422 ,9

123 488 170 553 καὶ
182 484 212 552 οἱ
221 486 351 573 ποιηταὶ
366 486 459 567 (Δία)
473 485 646 574 πανόπτην
663 489 802 555 καλοῦσι
820 495 1004 574 πανταχοῦ.
1024 479 1052 556 ὦ
1070 495 1137 558 Ζεῦ

124 589 271 657 πονόπτα.
304 590 360 654 καὶ
379 584 504 667 Ἠέλιος
526 587 564 668 ὃς
586 585 682 657 πάντ’
707 588 841 679 ἐφορᾷς.
887 592 980 677 Quae
998 594 1043 659 sic
1063 594 1137 660 red-

122 692 285 780 integranda
306 701 382 757 sunt
397 691 573 778 πανόπτην
590 695 747 782 καλοῦσιν
762 685 804 759 ‘ol
822 700 885 762 Ζεῦ
903 696 1063 764 πανόπτα
1080 699 1137 764 καί

122 794 252 861 κατόπτα
280 791 474 877 πανταχοῦ’.
530 794 724 881 Sequentem
750 798 976 885 Aristophanis
1007 822 1137 867 versum

122 897 369 967 ἐνσκευάσασθαί
384 895 417 984 μ’
439 896 510 965 οῖον
528 895 754 982 ἀθλιώτατον,
777 913 863 969 recte
880 902 1062 971 Brunckius
1080 902 1137 969 eli·

120 1003 215 1068 minari
231 1002 336 1068 voluit.

550 1172 602 1228 Vs.
619 1172 680 1228 486.

357 1273 416 1363 άχε
432 1304 488 1344 νον
507 1266 535 1342 ὦ
552 1277 692 1345 τάλαινα
710 1275 839 1365 καρδία,

230 1375 351 1448 ἄπελθ’
373 1378 487 1462 ἐκεῖσε,
506 1370 591 1468 κᾷτα
608 1378 666 1468 τῆν
683 1376 830 1469 κεφαλὴν
849 1379 917 1447 ἐκεῖ

228 1482 399 1573 παράσχες
416 1478 545 1551 sicario²
562 1477 632 1549 ἅττ’
648 1479 689 1550 άν
708 1479 789 1571 αὐτῇ
809 1507 865 1552 σοι
883 1483 973 1572 δοκῇ.

168 1606 365 1671 Hamakerus
383 1604 492 1670 forsan
513 1627 579 1669 non
600 1605 714 1670 iniuria
736 1614 899 1692 suspectat
920 1600 1055 1688 ἄπελθ’,
1082 1606 1135 1673 cui

119 1704 242 1797 πάρελθ
263 1708 435 1776 substituit.
482 1706 520 1774 Si
537 1707 615 1793 quid
631 1708 832 1787 mutandum,
855 1708 963 1774 malim
985 1710 1134 1795 equidem

118 1808 156 1898 ὄχ’
173 1807 238 1878 ἔλθ’
258 1811 374 1878 ἐκεῖσε.
418 1810 518 1877 Recte
536 1810 621 1876 idem
639 1810 783 1877 εἰποῦσα
803 1812 945 1898 ineptum
968 1834 1039 1878 esse
1057 1812 1134 1877 dicit

117 1916 192 2000 eique
213 1914 373 1981 substituit
396 1912 471 1979 εἶπέ
491 1909 539 1980 θ’.
586 1912 653 1980 Sed
670 1913 749 1981 tales
767 1914 1003 1981 emendationes
1020 1937 1133 2002 parum

117 2018 276 2105 probabiles
302 2027 390 2095 sunt3
416 2016 541 2083 facilius
568 2016 694 2082 credam
721 2041 741 2082 a
766 2026 860 2102 poeta
886 2018 1038 2104 scriptum
1060 2039 1133 2085 esse

118 2121 266 2211 παράσχες
284 2114 413 2209 εὖροῦά
429 2114 497 2186 ἅττ’
519 2115 560 2186 tir
579 2115 661 2208 αὐτῇ
679 2118 836 2201 (εἰπεῖνέ)
854 2144 909 2187 σοι
928 2121 1017 2208 δοκῇ.

547 2323 599 2380 Vs.
616 2324 678 2378 490.

191 2448 193 2452 ’
267 2435 303 2497 τί
322 2427 473 2515 δράσεις,·
490 2435 525 2495 τί
543 2428 679 2517 φῆσεις,·
698 2424 767 2495 ἀλλ’
788 2428 867 2495 ἰ’σθι
883 2433 937 2496 νῦν

267 2529 482 2615 ἀναίσχυντος
500 2526 546 2598 ὢν
565 2532 721 2619 σιδηροῦς
738 2528 765 2598 τ’
783 2528 875 2620 άνῆρ.

118 2695 122 2701 -
168 2651 265 2719 Codri.
284 2648 354 2719 ἀλλ’
371 2654 527 2733 omittunt,
546 2654 639 2719 metri
656 2676 754 2719 causa
770 2652 902 2718 inseruit
915 2651 1131 2720 Hermannus.
1221 2713 1222 2716 ,

118 2754 282 2823 Consultius
305 2754 401 2821 fuerit
419 2757 504 2841 quod
521 2769 596 2844 post
614 2755 734 2846 φήσεις
755 2755 849 2821 facile
866 2755 1012 2821 excidere
1029 2756 1132 2841 potuit

118 2869 174 2923 ante
189 2859 264 2926 ἰ’σθι
281 2858 417 2924 adiicere
436 2848 483 2925 εὖ.
527 2860 618 2926 Iusto
640 2859 792 2926 audacius
810 2858 973 2924 Nauokius
990 2859 1132 2924 Bulletin

117 2960 148 3026 le
160 2962 276 3027 l'Acad.
297 2962 337 3027 de
357 2959 406 3027 St.
423 2960 569 3029 Petersb.
589 2962 648 3029 VI.
666 2986 697 3050 p.
716 2961 770 3027 50.
789 2960 887 3027 verba
908 2961 987 3029 ἐσθι
1003 2966 1058 3028 νῦν
1076 2962 1131 3027 de·

117 3064 186 3130 levit.
226 3066 338 3150 Neque
356 3065 389 3129 in
408 3087 497 3151 seqq.
516 3065 591 3132 504.
611 3066 726 3131 tentari
743 3063 852 3130 debuit
873 3065 960 3150 quod
980 3064 1129 3149 frequens

31 3167 33 3260 ζ
117 3166 221 3233 licendi
246 3191 348 3256 genus
377 3178 440 3249 est,
469 3163 565 3236 αὐτοὶ
591 3168 653 3257 γάρ
681 3166 792 3251 ἐσμεν,
820 3170 892 3244 soli,
917 3171 983 3233 sice
1006 3170 1131 3234 arbitria

31 3305 33 3364 ι

31 3489 33 3578 l

117 3294 209 3337 φησι.
246 3272 301 3338 »Ne
329 3271 424 3358 longe
452 3272 565 3338 abeam
593 3271 666 3337 vide
689 3267 985 3356 Thesmophltru.
1009 3281 1040 3336 et
1061 3271 1132 3335 Lu·

116 3371 221 3439 cinnum
237 3374 324 3440 Dial.
344 3373 429 3439 deor.
448 3374 495 3454 X,
514 3376 544 3441 2.
564 3376 605 3439 cf.
625 3373 784 3440 Cobetum
801 3373 878 3439 Var.
896 3374 989 3438 Leot.
1006 3394 1038 3457 p.
1058 3371 1132 3437 111.

545 3561 595 3617 Vs.
614 3560 674 3614 541.

201 3663 268 3753 ἐρεῖ
283 3689 336 3743 τις
355 3660 392 3731 οὗ
410 3671 497 3753 χρῆν.
535 3661 619 3732 ἀλλὰ
636 3671 670 3733 τί
688 3662 781 3755 ἐχρῆν
799 3664 927 3743 εἴπατε.

201 3763 271 3856 φέρ’
292 3766 323 3834 εἰ
340 3768 612 3853 Λακεδαιμονίων
629 3793 680 3847 τις
699 3765 882 3848 ἐκπλεύσας
900 3767 1023 3858 σκάφει

202 3867 348 3937 ἀπέδοτο
367 3870 476 3959 φήνας
492 3872 636 3940 κυνίδιον
652 3875 832 3959 Σεριφίων,

200 3969 347 4060 καθῆσθ’
369 3969 410 4041 ἂν
429 3972 462 4041 ἐν
481 3975 651 4060 δόμοισιν,·

162 4089 264 4161 'Versu
279 4094 394 4180 primo,
412 4118 507 4179 quem
524 4096 687 4183 Euripidis
706 4118 778 4162 esse
795 4094 933 4162 affirmat
951 4096 1130 4175 scholiasta,

118 4209 149 4255 ex
162 4191 234 4261 Rav.
254 4198 366 4285 scripsi
382 4203 416 4264 τί
435 4197 527 4288 ἐχρῆν
551 4199 677 4267 ε’ίπατε.
717 4199 827 4286 Vulgo
848 4206 883 4266 τί
901 4205 980 4288 χρῆν
1003 4199 1130 4267 εἴπατε.
