2859 4909
458 370 752 429 LYSISTRATA.

537 509 587 565 Vs.
606 511 684 566 1165.

218 630 265 716 μὰ
281 630 339 700 τὸν
355 631 511 701 Ποσειδῶ
527 638 627 701 τοῦτο
644 637 704 717 μέν
720 628 749 720 y'
766 627 804 700 οὗ
824 632 997 722 δράσομεν.

159 772 206 837 Ita
225 772 306 838 haec
330 771 441 857 senipsi
460 769 618 837 Cobetum
641 780 784 850 secutus3
806 770 904 859 vulgo
925 782 1035 839 contra
1056 795 1130 840 sen·

106 875 219 940 tentiam
239 874 303 941 loci
325 872 477 963 δράσετε,
503 874 589 959 quod
610 872 728 940 frustra
746 872 903 961 explicare
925 885 1056 942 conatus
1079 887 1129 944 est

107 977 260 1045 Heindorf.
293 977 336 1044 ad
360 976 505 1043 Platonis
533 974 634 1064 Soph.
659 999 691 1063 p.
717 977 792 1044 403.
845 976 994 1044 Fortasse
1020 990 1128 1046 temen

109 1080 211 1147 servari
230 1090 337 1168 potest
357 1079 510 1146 librorum
533 1080 687 1168 scniptura
708 1103 915 1168 personarum
937 1080 1060 1149 vicibus
1082 1083 1129 1149 its

110 1184 264 1250 distinctis:

109 1312 166 1370 Ac.
184 1301 230 1388 μὰ
246 1301 305 1370 τὸν
323 1304 477 1371 Ποσειδῶ
494 1309 594 1371 τοῦτο
611 1308 671 1388 μέν
687 1299 715 1391 y’
734 1340 779 1352 -
796 1291 891 1371 ΛΥΣ.
915 1298 952 1370 σῦ
972 1301 1128 1391 δράσετες

184 1402 275 1496 ἄφετ’
293 1397 400 1495 ὦγάθ’
417 1403 540 1487 αὐτοῖς.

110 1526 317 1595 cunctabundi
329 1527 536 1594 Atheniensis
554 1528 727 1594 orationem
744 1526 921 1614 interpellat
933 1493 1128 1617 Lysistrats.

535 1748 586 1806 Vs
604 1749 681 1804 1174.

239 1870 303 1960 ἔγω
322 1873 359 1940 δὲ
375 1877 591 1960 κσπραγωγῆν
608 1897 651 1959 γα
668 1868 744 1959 πρῲ
762 1872 817 1939 ναὶ
833 1868 882 1940 σὼ
900 1871 976 1941 σιώ.

161 2010 258 2078 Biseti
275 2011 355 2078 haec
373 2010 528 2097 scriptura
544 2020 607 2090 est,
626 2032 699 2077 cum
716 2008 790 2076 libri
806 2010 840 2076 in
856 2015 976 2098 πρῶτα
994 2030 1129 2078 consen·

110 2113 186 2194 tient3
207 2123 240 2180 at
261 2113 338 2201 πρῴ
365 2135 451 2180 mere
473 2114 569 2180 attica
590 2123 639 2180 est
660 2113 779 2193 forme,
802 2135 866 2198 que
882 2113 1032 2179 Laconas
1049 2134 1127 2179 usos

111 2238 166 2283 esse
185 2218 247 2284 nisi
268 2215 423 2304 exemplis
440 2217 543 2283 allatis
561 2240 625 2283 non
642 2218 780 2284 credam.
823 2215 968 2303 Reisigio
986 2215 1033 2281 λῶ
1051 2214 1130 2282 εσιὶό

111 2318 231 2387 bendum
253 2319 421 2387 videbatur
440 2320 621 2408 recepitque
643 2320 704 2387 hoc
725 2319 885 2407 Engerus.
931 2316 998 2386 Sed
1024 2339 1130 2403 neque

112 2422 159 2489 hoe
185 2447 245 2491 nec
279 2424 366 2509 qued
397 2424 557 2512 Bergkius
592 2423 693 2490 voluit
717 2424 838 2511 Ιπρόκα
872 2421 1036 2510 probabile
1067 2430 1126 2487 est.

114 2524 306 2595 Scribendum
323 2528 436 2615 opinor
457 2533 571 2613 προτί,
600 2527 686 2613 quod
707 2524 917 2594 adverbiescit
938 2534 975 2591 ut
997 2524 1129 2592 atticum

112 2632 191 2718 πρός.
246 2632 322 2698 Ηοσ
361 2631 402 2697 ed
442 2631 628 2697 sententiam
667 2629 1029 2697 accommodatissimum
1069 2638 1127 2694 est.

113 2732 184 2822 Ego,
208 2735 416 2801 Atheniensis
439 2735 576 2812 dixerat,
603 2744 745 2800 actutum
767 2756 856 2800 arare
878 2731 966 2812 volo;
998 2742 1029 2799 et
1056 2753 1130 2820 ego,·

113 2836 187 2904 Laco
203 2838 326 2917 subicit,
345 2847 507 2926 praeterea
520 2861 633 2925 agrum
648 2836 837 2904 stercorebo.
873 2836 1010 2923 Utrique
1023 2844 1129 2901 autem

114 2940 207 3009 subest
223 2942 373 3029 ambigua
391 2941 567 3028 spurcities.

541 3127 591 3184 Vs.
610 3128 687 3183 1243.

289 3247 328 3319 ‘lv’
345 3249 408 3339 ἐγὼ
428 3250 614 3339 διποδιάξω
632 3275 668 3317 τε
685 3246 808 3316 κάείσω
827 3245 926 3315 καλὸν

290 3353 323 3435 ἐς
340 3353 406 3433 τως
419 3349 599 3433 Ἀσαναίως
615 3378 651 3421 σε
669 3349 727 3441 κῆς
744 3348 830 3439 ἡμᾶς
848 3345 929 3435 ἅμα.

164 3492 211 3559 Ita
218 3493 416 3572 Brunekius3
433 3515 492 3580 pro
504 3487 562 3578 κής
575 3486 671 3578 ἡμᾶς,
690 3512 772 3575 qnae
782 3488 937 3555 Brumckii
951 3484 1130 3553 emendatio

114 3602 163 3672 est,
182 3595 252 3663 libri
273 3598 329 3663 καὶ
350 3594 437 3685 ἡμᾶς
459 3607 492 3662 et
512 3596 568 3662 καὶ
586 3592 620 3673 ἐς
636 3590 724 3681 ἡμᾶς
740 3592 868 3660 hebent.
913 3591 1024 3676 Neque
1041 3585 1130 3677 ἡμᾶς

110 3694 289 3768 inlaconico
315 3722 460 3768 sermone
486 3697 653 3766 ferendum
678 3719 782 3782 neque
807 3691 906 3764 καλὸν
932 3693 1131 3762 substantivo

111 3820 202 3869 cerere
214 3814 333 3891 potest3
350 3803 430 3871 illud
442 3803 499 3888 qui
510 3801 665 3869 intellexit
680 3799 832 3888 Engerus
849 3797 983 3868 coniecit
999 3820 1036 3865 τε
1051 3791 1128 3882 χᾶμ’

112 3899 206 3987 αὕτως
232 3902 312 3992 ἅμα.
356 3909 443 3978 Vero
470 3907 633 3994 proximus
660 3913 729 3971 eret
749 3902 910 3992 Bergkius
932 3926 968 3969 τε
988 3896 1046 3989 κής
1073 3894 1129 3986 ἅμ’

112 3994 174 4091 ᾆσμ’
186 4007 264 4099 ἁμᾷ.
293 4009 361 4077 Sed
373 4033 431 4098 pro
445 3998 537 4098 ᾆσμα
550 4008 696 4076 desidero
711 4002 844 4091 ἄεισμα,
863 4004 1132 4093 quemadmodum

113 4111 194 4179 etiam
209 4115 312 4202 primo
329 4136 424 4181 versu
442 4113 559 4201 legitur
577 4107 690 4179 ἀείσω.
735 4111 849 4196 Imque
867 4110 966 4177 edidi:

164 4301 166 4305 .
268 4232 302 4314 ἐς
319 4232 387 4314 τως
401 4230 581 4312 Ἀσαναίως
597 4256 634 4301 σε
649 4227 726 4318 κᾶμ’
743 4227 850 4317 ἄεισμ’
867 4226 947 4319 ἁμᾷ.
