2859 4909
435 405 811 464 EOCLESIAZUSAE.
1077 399 1139 464 195

114 546 224 610 dictum
247 546 288 610 sit
310 543 368 612 ἐπὶ
392 552 499 624 σκιᾶς,
526 569 585 611 nec
607 548 726 613 sufficit
751 548 836 633 quod
857 549 1037 617 Brunckius
1064 552 1140 618 dicit

114 646 167 714 ἐπὶ
183 650 327 736 genetivo
340 649 481 714 iunctum
500 660 620 715 motum
634 651 787 731 indicare;
806 650 954 720 ἐλθοῦσα
968 655 1138 721 enimcum

114 747 193 839 πρὸς
212 748 250 818 τὸ
272 756 393 833 τειχίον
415 752 669 840 coniungendam
693 765 752 821 est.
797 753 905 839 Quare
928 757 1000 822 vide
1022 780 1063 823 au
1082 754 1139 824 ἐπὶ

114 866 214 932 σκιαῖς
227 855 397 942 legendum
413 856 462 931 sit,
480 859 514 920 ι’κι
529 858 648 921 umbro.
670 862 791 939 τειχίον
805 869 910 924 autern
924 859 1003 925 illud
1015 860 1139 927 videtur

112 980 171 1023 non
187 958 296 1043 procul
314 982 333 1024 a
349 980 452 1045 pnyce
469 958 610 1025 abfuisse
627 980 687 1025 nec
704 960 830 1027 differre
848 960 888 1027 ab
902 984 940 1027 eo
954 962 1039 1047 quod
1053 985 1139 1029 com-

113 1071 296 1127 memoratur
313 1062 413 1147 Vesp.
434 1062 527 1127 1109.
552 1066 586 1129 οἳ
609 1062 645 1127 δὲ
668 1060 755 1151 πρὸς
777 1075 849 1142 τοῖς
865 1069 1000 1147 τειχίοις
1019 1068 1137 1151 ξυμβε-

111 1169 260 1248 βυσμένοι
278 1167 411 1243 πυκνός.
684 1152 687 1161 ’

554 1317 605 1372 Vs.
622 1319 682 1372 503.

154 1412 272 1505 χαῦται
290 1420 352 1509 γὰρ
370 1416 503 1510 ἥκουσιν
521 1422 628 1489 πάλαι
644 1419 682 1489 τὸ
701 1428 809 1510 σχῆμα
826 1420 912 1490 τοῦτ’
930 1422 1077 1507 ἐ’χοαοαι·

169 1544 277 1608 Locus
295 1542 347 1608 hio
365 1543 477 1609 merito
490 1542 625 1608 advertit
638 1543 834 1622 Dobraeum,
851 1566 909 1630 pro
921 1549 1029 1639 τοῦτο,
1049 1546 1135 1629 quod

110 1647 167 1712 nisi
182 1647 221 1711 de
238 1647 321 1712 virili
335 1657 423 1712 veste
440 1645 574 1732 intelligi
591 1669 653 1711 non
672 1657 787 1733 potest,
806 1647 1015 1731 requirentem
1032 1644 1132 1716 ταύτὸ

110 1745 244 1816 eludia
254 1749 442 1816 scribentem
453 1771 510 1835 pro
520 1749 635 1827 πάλαι,
655 1753 757 1815 eodem
766 1774 871 1815 πινειιε
886 1752 1133 1819 ίιοοίίιιίκιίιιίοι.

111 1851 208 1918 Credo
217 1876 302 1918 nunc
311 1854 393 1918 hanc
402 1875 510 1918 veram
519 1875 589 1917 esse
599 1853 820 1930 coniecturam,
834 1875 1026 1939 quamquam
1036 1877 1134 1941 quum

110 1968 223 2021 veteres
241 1954 341 2022 Attici
364 1957 397 2020 in
418 1952 519 2022 ταύτὸ
543 1956 685 2021 ultimam
708 1979 772 2021 non
794 1955 946 2035 eliserint,
975 1959 1032 2023 sed
1060 1971 1132 2024 ante

110 2060 243 2125 vocalem
257 2053 569 2137 constantanwdrdv
584 2058 728 2137 dixerint,
747 2058 918 2123 videndum
929 2060 986 2124 erit
995 2082 1034 2124 ne
1043 2060 1132 2127 locus

109 2162 156 2227 hic
175 2164 302 2250 gravius
330 2173 494 2247 conuptus
522 2162 576 2239 sit,
599 2161 831 2248 Aristophanes
849 2172 955 2227 autern
974 2164 1133 2250 scripserit

108 2263 142 2331 τὸ
160 2273 265 2354 σχῆμα
282 2263 321 2332 τὸ
340 2267 420 2352 πρὶν
438 2263 581 2346 ἔχουσαι.

550 2416 601 2471 Vs.
618 2415 680 2471 508.

247 2525 334 2607 χάλα
352 2518 539 2601 συναπτοὺς
556 2518 648 2608 ἡνίας
665 2522 858 2603 λακωνικοίς,

249 2631 428 2714 βακτηρίας
447 2620 590 2712 ἄφεσθε.
618 2626 674 2691 καὶ
690 2629 802 2708 μέντοι
821 2622 860 2691 σὺ
879 2625 937 2708 μὲν

249 2730 373 2808 ταύτας
389 2723 634 2814 κατευτρέπιζ’·
653 2725 716 2813 ἐγὼ
736 2727 772 2793 δὲ
788 2727 1014 2812 βούλομαι-

164 2851 203 2916 In
225 2852 337 2916 horum
360 2872 510 2915 versuum
532 2848 635 2934 primo
656 2848 819 2934 complura
842 2860 914 2915 sunt
941 2852 1056 2936 quibus
1084 2851 1132 2918 of-

107 2953 252 3019 fendarisr
283 2953 422 3040 primum
445 2952 612 3038 singularis
633 2950 719 3033 χάλα
741 2952 865 3017 medius
892 2953 973 3019 inter
993 2955 1131 3040 plurales

106 3056 246 3143 ῥιπτεῖτε
264 3066 296 3121 et
314 3053 447 3143 ἄφεσθε
464 3056 601 3140 positus,
621 3065 687 3119 tum
706 3049 796 3141 ἡνίαι
813 3056 987 3122 λακωνικαὶ
1006 3057 1046 3123 de
1064 3081 1133 3124 cor-

106 3159 185 3246 rigiis
204 3159 381 3224 calceorum
399 3158 612 3224 laconicorum
629 3156 747 3235 dictae,
767 3158 852 3242 quod
869 3160 941 3243 quis
959 3182 1021 3224 non
1039 3161 1132 3226 mire-

106 3270 150 3327 tur
156 3262 188 3328 in
201 3278 296 3350 poeta
304 3262 443 3328 comico?
461 3261 596 3344 denique
611 3270 676 3325 tota
690 3261 858 3339 sententia3
878 3261 999 3327 calceos
1014 3284 1132 3328 exuen-

105 3364 156 3432 dos
174 3389 245 3434 esse
262 3366 326 3430 iam
344 3365 466 3430 dixerat
483 3386 577 3429 versu
590 3364 796 3449 praecedente
812 3361 914 3448 ἐμβὰς
928 3362 962 3429 ἐκ
976 3364 1090 3431 ποδῶν
1099 3363 1131 3445 ⁴⁵)

105 3467 169 3538 l'co.
215 3469 290 3553 Quo
304 3468 426 3534 accedit
442 3466 529 3551 quod
546 3466 601 3550 qui
617 3465 725 3532 laxare
744 3467 876 3554 corrigia
893 3466 1049 3547 iubentur,
1067 3491 1131 3533 non

103 3573 191 3639 etiam
213 3572 337 3638 calceos
356 3592 470 3636 exuere
487 3569 643 3635 iubentur.
688 3569 781 3635 Haec
799 3571 905 3636 omnia
922 3593 973 3635 me
991 3581 1129 3652 movent,

103 3684 134 3739 ut
152 3699 281 3742 versum
302 3674 387 3739 hunc
409 3683 464 3738 aut
485 3672 611 3737 aliunde
633 3672 756 3738 illatum
775 3673 914 3752 credam,
939 3684 993 3738 aut
1012 3675 1040 3741 si
1056 3672 1131 3739 Ari-

105 3779 261 3866 stophanis
284 3788 346 3856 est,
372 3786 498 3863 poetam
520 3776 628 3841 nescio
651 3798 745 3860 quem
767 3775 922 3862 tragicum
944 3776 1053 3856 rideri,
1077 3778 1132 3862 qui

103 3877 187 3966 ἡνίας
204 3905 262 3970 pro
285 3881 428 3966 corrigiis
451 3879 581 3944 dixerat.
626 3879 665 3943 In
687 3879 778 3943 tertio
800 3894 895 3945 ve‘rsu
916 3902 980 3945 non
1002 3892 1132 3968 apparet

102 4005 176 4067 quae
204 3986 245 4051 sit
269 3984 323 4050 illa
350 3984 401 4050 cui
422 3982 606 4068 Praxagora
631 3981 854 4047 mutandarum
880 3982 968 4049 chori
995 3986 1130 4051 vestium

103 4085 238 4176 iniungat
255 4088 428 4174 negotium.
464 4086 509 4150 Et
526 4085 653 4151 omnino
671 4085 749 4169 quid
762 4109 842 4173 opus
861 4098 927 4154 erat
945 4086 1000 4153 tali
1018 4089 1132 4174 opera?

163 4277 193 4348 a)
211 4276 257 4332 lta
267 4276 341 4332 enim
349 4275 377 4329 h.
385 4275 404 4328 l.
416 4273 537 4330 scribere
545 4272 642 4329 malim
652 4290 736 4344 quam
746 4272 884 4330 ἐκποδών.

851 4361 916 4428 13⁴⁶
