2859 4909
561 354 684 412 Avus,

546 493 597 549 Vs.
615 492 693 548 1247.

234 600 390 688 μέλαθρα
406 598 465 682 μέν
484 594 586 665 αὐτοῦ
604 600 660 664 καὶ
678 596 801 682 δόμους
815 591 999 685 Ἀμφίονος.

173 719 326 806 Speciose
340 720 389 785 vir
402 719 515 785 dectus
532 721 565 786 in
579 719 791 805 Mnemosyne
810 716 933 802 δόμους
947 712 1142 802 Ὀλυμπίους

109 832 240 910 αμυσαι
262 824 413 909 scriptum
435 845 507 889 esse
530 823 723 910 suspicatur,
747 831 779 886 et
802 831 909 886 tamen
929 821 991 887 hoc
1007 822 1142 888 falsissi-

110 950 192 992 mum
215 949 287 993 esse
309 927 430 1014 opinor.
475 925 585 994 Verba
605 927 680 1004 ista,
709 924 880 991 scholiasta
900 924 1073 1005 indicante,
1100 946 1142 991 ex

109 1029 259 1117 Aeschyli
268 1029 408 1115 quodam
417 1030 498 1109 loce,
517 1027 748 1117 spectatoribus
761 1027 847 1094 haud
860 1026 956 1094 dubie
965 1029 1142 1109 notissimo,

109 1134 254 1220 perediae
268 1133 341 1198 lusu
355 1134 454 1221 petita
467 1142 550 1212 sunt,
570 1133 686 1218 quibus
704 1131 791 1217 quod
809 1153 847 1196 sc
863 1131 934 1197 loco
951 1141 1047 1218 poeta
1063 1156 1142 1201 usus

109 1248 163 1315 est,
181 1236 238 1302 ubi
255 1259 386 1323 prorsus
404 1237 509 1324 inepte
526 1235 683 1302 inculcata
700 1234 801 1300 videri
818 1233 948 1313 debent,
966 1235 999 1301 in
1017 1258 1055 1302 eo
1072 1237 1143 1324 ipso

109 1341 208 1426 posita
229 1350 280 1406 est
301 1341 351 1406 vis
373 1341 504 1407 comica.
548 1338 705 1405 Eiusdem
726 1337 820 1424 plane
837 1338 962 1424 generis
980 1340 1143 1425 pomdiam

109 1443 260 1510 habemus
283 1444 316 1508 in
340 1441 440 1529 Vesp.
464 1444 539 1510 308.
566 1441 622 1508 ubi
643 1441 782 1508 famelici
807 1441 899 1508 liberi
926 1442 1032 1509 verbis
1060 1440 1144 1526 ίχεις

110 1544 226 1613 ἐλπίδα
240 1545 385 1635 χρηστήν
406 1571 482 1613 τινα
504 1551 569 1634 νῷν
587 1542 609 1634 ἢ
626 1544 732 1631 πόρον
750 1567 790 1610 cx
812 1556 887 1612 noto
911 1546 1050 1630 quodam
1067 1546 1145 1612 Pin-

110 1650 171 1716 dari
188 1651 260 1717 loco
279 1650 467 1737 perridicule
486 1650 606 1717 addunt
615 1643 734 1727 Ἕλλας
752 1646 851 1737 ἱερόν.

555 1802 605 1858 Vs.
623 1802 700 1856 1271.

230 1898 264 1976 Ὠ
281 1903 479 1996 Πισθέταιρ’
496 1897 523 1972 ὦ
540 1902 672 1995 μακάρι’
690 1896 718 1972 ὦ
737 1906 922 1996 σοφώτατε,

236 2002 264 2076 ὦ
282 2006 460 2077 κλεινότατ’
477 2000 505 2076 ὦ
524 2006 691 2100 σοφώτατ’
709 2000 736 2076 ὦ
754 2010 1002 2099 γλαφυρώτατε,

236 2105 264 2180 ὦ
281 2115 354 2203 τρὶς
370 2110 516 2200 μακάρι’,
538 2104 565 2179 ὦ
583 2116 828 2182 κατακέλευσον.

167 2235 316 2301 Primum
338 2235 452 2300 horum
475 2257 625 2300 versuum
646 2235 707 2300 fuit
729 2236 784 2320 qui
805 2233 1052 2324 expungendum
1070 2256 1142 2302 esse

110 2349 247 2426 putaret,
266 2361 330 2423 (μισ
347 2338 532 2425 prudentior
548 2337 719 2404 Dobraeus
739 2338 910 2404 scribebat:

20 2527 24 2536 Ι
232 2440 265 2518 ’.Ω
281 2444 478 2537 Πισθέταιρ’
495 2439 522 2515 ai
541 2445 737 2539 Πισθέταιρ’
753 2439 780 2515 ὦ
798 2449 949 2539 μακάριε.

17 2579 20 2608 ²
109 2562 175 2628 Non
197 2563 295 2628 credo
318 2572 425 2627 tamen
451 2561 513 2627 hoe
538 2585 648 2628 verum
681 2585 767 2643 esse,
800 2561 925 2647 alioque
952 2562 1039 2628 ducit
1060 2560 1142 2627 Rav.

16 2749 19 2758 Ι
111 2668 275 2754 scriptura,
303 2667 337 2732 in
363 2688 427 2751 quo
455 2665 612 2732 secundus
639 2676 670 2731 et
696 2666 808 2731 tertius
835 2688 946 2733 versus
968 2666 1014 2732 ita
1036 2667 1145 2754 scripti

16 2815 18 2824 .
111 2781 192 2835 sunt:
225 2759 252 2835 ὦ
278 2763 499 2857 τρισμακάρι’,
527 2758 556 2834 ώ
582 2764 716 2836 κλεινότ’
742 2769 813 2852 (sic)
841 2758 869 2835 ὦ
896 2768 1086 2858 σοφώτατε,
1116 2759 1143 2836 ὦ

15 2881 18 2890 “
110 2872 362 2962 γλαφυρώτατε,
381 2861 408 2937 ὦ
425 2873 670 2940 κατακέλευσον.
715 2872 803 2938 Ηίιισ
820 2872 926 2938 locum
943 2874 988 2941 ita
1005 2874 1103 2940 edidi:

13 2993 19 3154 Ι
184 2983 223 3060 Ὠ
238 2988 448 3079 Πισθέταιρ’,
468 2981 495 3058 ὦ
512 2988 656 3081 μακάρι’,
678 2981 705 3057 ὦ
725 2991 911 3080 σοφώτατε,

192 3086 224 3162 ὦ
241 3097 312 3184 τρὶς
328 3092 474 3186 μακάρι’,
495 3085 522 3161 ὦ
539 3091 729 3175 κλεινότατ’,
748 3084 776 3161 ὦ
793 3096 1041 3186 γλαφυρώτατε,

12 3165 19 3362 ἰ
193 3189 224 3265 ὦ
242 3202 487 3279 κατακέλευσον,
506 3202 753 3267 κατακέλευσον.

12 3364 13 3373 1
109 3317 206 3387 Vides
238 3321 342 3408 ipsam
368 3317 563 3386 Rauennatis
595 3320 797 3406 scripturam,
830 3322 892 3385 nisi
927 3320 1013 3404 quod
1042 3343 1143 3386 κατα-

109 3425 259 3490 κέλευσον
281 3422 330 3490 bis
354 3424 461 3509 posui,
484 3422 578 3508 idque
601 3423 765 3509 aptissime
787 3424 839 3488 hic
860 3423 929 3488 fieri
949 3424 983 3488 in
1004 3424 1145 3490 oratione

111 3527 266 3593 concitata
282 3549 376 3592 nemo
394 3526 452 3592 ibit
469 3526 601 3592 inficias.

553 3679 603 3734 Vs.
622 3680 699 3734 1297.

647 3785 789 3864 Μειδίας
807 3780 838 3851 δ’
856 3782 924 3851 ἐκεῖ

231 3884 330 3975 όρτυξ
347 3885 509 3955 ἐκαλεῖτο·
527 3885 661 3975 καὶγὰρ
680 3883 769 3977 ᾔκειν
787 3883 901 3977 όρτυγι

230 3986 285 4057 ὕπ’
303 3981 529 4079 ὀρτυγοκόπον
547 3988 604 4078 τὴν
622 3989 767 4085 κεφαλὴν
784 3994 1016 4081 πεπληγμένῳ.

173 4111 227 4175 Ita
247 4110 328 4177 haec
346 4112 514 4178 scribenda
536 4123 638 4192 erant3
665 4109 768 4201 ᾔκειν,
790 4136 849 4200 pro
871 4136 935 4198 quo
958 4115 1049 4181 codd.
1072 4102 1147 4201 ἧκεν

109 4213 249 4293 λιολισιιῐ,
278 4215 332 4281 diu
363 4227 435 4282 ante
463 4215 620 4283 Cobetum
647 4227 827 4303 reppererat
852 4217 1023 4284 Dawesius
1049 4216 1146 4285 Misc.
