2859 4909
307 352 329 418 2
661 361 997 422 ACHARNENSES.

305 507 395 573 λοισι
417 506 496 592 περὶ
518 504 654 592 πρώτου
679 503 793 587 ξύλου,
818 506 852 570 in
874 527 913 571 eo
929 504 1148 571 desiderabam
1167 506 1350 584 articulum,

305 608 512 694 quamobrem
530 607 603 673 dedi
621 603 776 696 ἀλλήλοις
793 610 872 697 περὶ
893 614 952 674 τοῦ
975 606 1111 695 πρώτου
1136 607 1245 689 ξύλου.
1293 609 1349 675 cf.

306 711 406 798 Vesp.
421 712 474 778 90.
492 704 514 797 ἢ
527 706 572 799 μὴ
583 704 638 777 ’πὶ
650 716 711 778 τοῦ
725 710 861 796 πρώτου
876 710 1058 799 καθέζηται
1071 711 1180 792 ξύλου.
1216 711 1350 778 Articu-

306 815 373 881 lum
390 814 483 880 facile
501 814 572 900 quis
587 814 681 879 etiam
695 838 744 880 vs.
761 816 812 880 14.
831 809 993 902 ᾀσόμενος
1005 814 1162 900 βοιώτιον
1176 815 1348 894 desideret,

306 940 370 1004 quo
388 917 516 983 nomine
534 939 606 982 cum
625 927 730 983 certus
749 918 878 1003 quidam
895 918 1009 984 modus
1026 919 1220 1006 designetur,
1240 920 1348 1005 aptius

307 1043 383 1088 sane
405 1020 506 1086 videri
527 1020 629 1108 possit
651 1016 813 1109 ᾀσόμενος
830 1017 869 1087 τὸ
887 1020 1053 1106 βοιώτιον,
1078 1031 1114 1087 ut
1133 1023 1183 1088 16.
1208 1020 1267 1089 ἐπὶ
1289 1019 1349 1088 τὸν

306 1120 436 1214 δρθιον.
465 1123 522 1190 sed
543 1124 656 1189 retinet
676 1147 729 1190 me
752 1124 882 1190 Thesm.
909 1125 1003 1192 1175.
1027 1120 1066 1192 σὺ
1090 1114 1170 1191 δίδ
1196 1123 1349 1214 Τερηδὼν

306 1224 508 1317 ἐπαναφύσα
525 1227 692 1316 περσικόν.

770 1395 820 1453 Vs·
836 1396 879 1451 69.

456 1503 512 1567 καί
531 1496 599 1587 δῆτ’
620 1499 852 1585 ἐτρυχόμεσθα
869 1498 963 1589 παρὰ
980 1500 1167 1589 Καόστριον

456 1603 572 1670 πεδίον
591 1598 877 1683 ὁδοιπλανοῦντες.

373 1722 508 1791 Servavi
525 1722 684 1789 Dindorfii
702 1724 904 1811 scripturam,
926 1733 1114 1790 nontamen
1132 1723 1218 1789 utin
1236 1745 1275 1787 ea
1294 1746 1348 1789 ae-

305 1827 535 1914 quiescendpm
560 1839 680 1914 putem.
735 1826 871 1893 Codices
904 1822 960 1894 διδι
986 1830 1180 1912 Καυστρίιον
1205 1826 1345 1906 πεδίων,

305 1931 367 1996 nisi
393 1930 480 2016 quod
504 1929 586 1996 Rev.
614 1926 708 2018 παρὰ
737 1929 834 1996 habet
863 1952 921 2017 pro
953 1925 1020 1997 διό.
1072 1929 1125 1995 Ac
1151 1930 1347 2018 singularem

305 2030 491 2118 Καΰστριον
517 2033 634 2100 πεδίον
660 2044 744 2099 recte
772 2034 840 2099 sine
867 2033 964 2099 dubio
985 2033 1124 2099 restituit
1145 2032 1346 2111 Dindorfius‚

304 2160 369 2203 non
387 2136 487 2203 solere
505 2136 580 2202 talia
597 2137 710 2223 plurali
729 2160 858 2203 numero
877 2137 940 2201 dici
956 2147 1042 2202 recte
1060 2136 1233 2202 affirmans.
1276 2136 1347 2203 Sed

305 2238 400 2330 παρὰ
426 2265 466 2307 an
493 2250 578 2306 recte
604 2239 724 2305 dictum
752 2240 792 2304 sit
814 2237 933 2306 dubito.
980 2238 1088 2323 Quare
1109 2239 1281 2305 videndum
1306 2263 1347 2305 ne

304 2340 399 2432 παρὰ
422 2367 462 2410 ex
484 2345 564 2429 περὶ
588 2352 770 2430 corruptum
794 2343 848 2421 sit,
879 2343 1052 2430 Caystriam
1075 2367 1216 2430 campum
1234 2366 1347 2429 μενον-

304 2461 421 2525 νοκίοε,
449 2448 499 2514 cll.
518 2446 696 2513 Menandro
716 2445 809 2513 Com.
832 2456 914 2534 poet
932 2445 992 2513 IV.
1016 2447 1090 2513 228.
1113 2444 1263 2531 περιάξω
1287 2443 1346 2533 τὴν

305 2548 448 2634 ἐμαυτοῦ
475 2555 646 2635 θυγατέρα
671 2547 729 2635 τὴν
752 2549 852 2615 πόλιν
879 2543 956 2636 ὅλην
974 2549 1116 2635 aliisque.
1160 2548 1234 2614 Non
1260 2549 1346 2615 male

307 2663 414 2718 tamen
432 2653 624 2740 Blaydesius
642 2650 737 2742 παρὰ
754 2650 940 2737 Καΰστριον
957 2648 1109 2736 ποταμὸν
1128 2652 1273 2718 coniecit.

768 2838 818 2894 Vs.
834 2838 876 2893 77.

348 2941 382 3008 ol
397 2941 562 3032 βάρβαροι
579 2940 641 3030 γὰρ
661 2939 783 3032 ἄνδρας
799 2939 955 3031 ἡγοῦνται
971 2941 1093 3026 μόνους

346 3043 424 3124 τούς
441 3047 583 3113 πλεῖστα
601 3046 800 3131 δυναμένους
816 3058 1019 3136 καταφαγεῖν
1036 3071 1072 3113 τε
1089 3049 1145 3113 καί
1162 3058 1264 3114 πιεῖν.

368 3165 431 3232 His
449 3165 551 3232 Attici
567 3166 664 3255 legati
681 3168 826 3234 versibus
844 3167 1048 3255 Dicaeopolis
1066 3168 1145 3234 haec
1163 3167 1291 3233 subicit:

454 3264 550 3355 ἡμεῖς
568 3269 604 3336 δὲ
621 3271 801 3350 λαικαστάς
818 3296 855 3337 τε
872 3273 928 3337 καὶ
945 3270 1185 3356 καταπύγονας.

369 3388 509 3458 Secundi
528 3414 640 3457 versus
659 3402 795 3456 metrum
813 3392 986 3458 restituturi
1008 3391 1062 3457 alii
1084 3390 1146 3457 alia
1167 3390 1345 3470 coniecere,

304 3493 459 3560 Metellus
479 3504 593 3573 autem,
613 3517 707 3579 quem
725 3496 846 3582 primus
861 3496 1002 3560 omnium
1016 3494 1197 3560 Brunekius
1213 3504 1344 3588 secutus

304 3607 368 3674 est,
390 3620 448 3684 pro
466 3610 669 3685 καταφαγεῖν
688 3599 814 3685 scripsit
832 3609 960 3686 φαγεῖν.
1005 3596 1089 3663 Mihi
1107 3598 1250 3663 omnium
1266 3597 1346 3662 sim-

303 3698 513 3785 plicissimum
539 3702 664 3767 videtur
690 3700 877 3787 particulam
903 3705 953 3781 τί,
990 3723 1086 3786 quam
1113 3722 1345 3787 saepenumero

302 3800 422 3867 librarii
439 3802 537 3868 invito
556 3814 653 3869 metro
671 3804 879 3881 intruserunt,
905 3827 978 3869 cum
997 3826 1034 3870 eo
1052 3805 1108 3889 qui
1125 3803 1250 3889 scripsit
1261 3804 1344 3892 ¹cod.

304 3904 344 3970 Β.
361 3927 553 3992 expungere.
592 3904 653 3973 Oui
666 3906 828 3993 Reisigius
840 3905 983 3973 Coniect,
997 3930 1029 3994 p.
1040 3906 1092 3973 51.
1107 3907 1238 3994 opponit
1251 3928 1346 3991 pror-

304 4031 359 4074 sus
381 4010 593 4075 necessariam
614 4009 666 4075 hic
683 4032 755 4076 esse
773 4010 996 4096 particularum
1018 4034 1055 4076 τε
1072 4010 1128 4075 καὶ
1145 4010 1346 4076 coniunctio·

303 4134 376 4176 nem
394 4122 523 4199 propter
540 4124 723 4198 sequentem
741 4136 880 4179 versum.
923 4112 1128 4180 Existimavit
1149 4113 1246 4200 igitur
1264 4110 1345 4192 τοὺς

303 4216 444 4280 πλεῖστα
465 4215 662 4300 δυναμένους
679 4230 882 4306 καταφαγεῖν
900 4242 936 4284 τε
957 4219 1014 4283 καὶ
1030 4228 1135 4297 πιεῖν,
1164 4217 1185 4281 i.
1209 4239 1236 4282 e.
1260 4214 1367 4295 τοὺς
