2859 4909
295 384 339 450 48
764 395 862 449 PAX.

296 548 334 604 ut
342 537 475 604 creticus
484 558 541 622 pes
552 534 711 602 exciderit.
734 535 802 602 Neo
812 558 922 601 versus
933 534 1175 621 antistrophicus
1186 536 1253 601 sine
1262 535 1339 602 labe

298 650 361 720 est3
379 640 451 725 quis
465 638 549 706 enim
562 639 644 705 serio
658 637 846 705 scholiastae
860 638 966 704 credat
980 634 1067 705 οἶνον
1080 638 1121 703 ad
1135 636 1243 722 ἐπέχον
1260 662 1339 726 sup-

296 744 377 831 pleri
385 765 480 830 posse
490 741 679 809 affirmanti?
705 739 938 828 Corrigendum
947 742 1070 807 videtur
1080 739 1186 808 ἐσθίω
1197 738 1337 827 κᾶγχέω.

741 893 792 950 Vs.
812 895 889 949 1177.

352 991 436 1089 κᾷτα
455 998 572 1089 φεύγει
589 1004 725 1089 πρῶτος
743 993 858 1085 ῶσπερ
877 996 1002 1080 ξουθὸς
1021 998 1276 1086 ἱππαλεκτρυών

352 1101 432 1183 τοὺς
450 1103 577 1191 λόφους
595 1107 707 1170 σείων·
727 1099 790 1190 ἐγὼ
810 1098 840 1168 δ’
858 1101 977 1188 ἕστηκα
994 1095 1248 1187 λινοπτώμενος.

367 1222 556 1291 Incredibile
580 1222 658 1288 mihi
680 1222 806 1288 videtur
826 1233 953 1309 poetam
973 1223 1062 1289 λίνον
1080 1234 1188 1289 contra
1209 1245 1339 1289 omnem

302 1328 443 1396 omnium
464 1337 629 1414 poetarum
650 1327 911 1392 consuetudinem
932 1326 1033 1412 prima
1054 1327 1150 1413 longa
1172 1327 1337 1394 extulisse.

301 1431 389 1499 Nihil
405 1430 489 1496 enim
506 1428 709 1495 tribuendum
725 1427 894 1515 Sophoclis
907 1429 1020 1518 fragm.
1036 1429 1121 1516 apud
1134 1429 1339 1516 Hesychium

301 1529 508 1622 ν.ἇμφίλινα
520 1531 703 1620 κρούπαλα.
732 1531 832 1598 Vetus
847 1542 952 1598 tamen
960 1533 1109 1599 mendum
1119 1556 1190 1600 esse
1200 1535 1341 1600 ostendit

303 1636 464 1703 adnotatio
483 1634 689 1701 scholiastae:
717 1635 878 1715 λινόπτας
898 1633 976 1714 τοὺς
996 1633 1038 1702 τὰ
1060 1633 1241 1722 δηρεντικὰ
1263 1639 1340 1705 λίνα

305 1738 546 1827 φυλάττοντας,
571 1732 617 1818 ῶς
638 1740 694 1805 καὶ
719 1736 878 1816 οἰνόπτας
898 1736 975 1819 τοὺς
997 1738 1227 1827 οἰνοφδλακας.
1274 1739 1341 1806 Vix

304 1841 440 1908 dubitari
466 1851 570 1929 potest
596 1842 672 1925 quin
698 1842 965 1929 ληνοπτῶμενος,
998 1844 1193 1908 torcularium
1213 1844 1342 1930 prelum

306 1947 484 2022 observans,
518 1943 719 2011 scribendum
747 1946 800 2024 sit,
832 1945 898 2011 sive
925 1945 959 2010 id
983 1945 1134 2011 usitatum
1159 1945 1219 2010 hac
1245 1946 1341 2012 inre

303 2046 436 2114 verbum
453 2047 558 2126 fuerit,
577 2048 644 2114 sive
658 2072 677 2113 a
689 2056 784 2135 poeta
796 2048 924 2113 demum
938 2049 979 2113 ad
997 2048 1232 2115 similitudinem
1250 2049 1342 2116 verbi

304 2154 532 2218 λινοπτᾶσθαι
553 2150 672 2218 fiotum.
717 2150 862 2218 Verbum
884 2151 945 2217 hoc
967 2174 1111 2217 securam
1132 2162 1162 2217 et
1180 2177 1199 2217 a
1216 2152 1341 2220 bellicis

303 2255 405 2321 turbis
423 2254 553 2320 liberam
572 2253 780 2342 agricolarum
799 2256 896 2319 vitam
914 2255 1030 2341 optime
1048 2255 1203 2341 exprimit.

749 2405 800 2462 Vs.
818 2406 896 2461 1201.

476 2513 546 2579 νυνὶ
564 2511 600 2578 δὲ
617 2511 818 2600 πεντήκοντα
835 2511 987 2600 δραχμῶν
1006 2510 1152 2596 ἐμπολῶ.

370 2632 463 2699 Haeo
480 2634 588 2719 inepta
605 2654 676 2698 esse
694 2632 875 2698 intellexere
893 2655 1015 2711 omnes,
1035 2632 1074 2699 de
1093 2634 1215 2699 medela
1232 2644 1342 2701 autern

306 2736 506 2802 dissentiunt.
551 2736 701 2802 Virorum
723 2735 887 2801 doctorum
911 2736 1097 2802 coniecturis
1115 2737 1244 2803 accedat
1262 2737 1343 2804 haec

306 2859 396 2903 mea:
423 2839 493 2904 νυνὶ
516 2837 551 2904 δὲ
573 2841 671 2904 πέντε
692 2832 720 2923 μ’
738 2834 821 2903 αὐτὰ
845 2837 998 2927 δραχμῶν
1017 2840 1080 2922 (vel
1098 2839 1265 2924 δαρχμῶν)
1284 2839 1343 2924 ἒμ-

306 2941 418 3019 πολῶ,
455 2961 536 3024 quae
564 2939 624 3006 hoo
651 2950 735 3006 certe
761 2941 952 3025 reliquorum
979 2944 1163 3009 commentis
1189 2954 1342 3030 praestat,
1409 2957 1412 2962 ’

306 3043 392 3129 quod
411 3041 531 3128 absque
550 3044 723 3109 sententiae
742 3043 928 3111 detrimento
944 3068 1053 3132 presse
1072 3047 1213 3131 sequitur
1226 3047 1344 3112 tradita

306 3147 466 3213 literarum
484 3146 628 3233 vestigia.
949 3161 950 3164 ’

751 3299 800 3356 Vs.
820 3299 896 3355 1225.

487 3409 521 3471 rt
539 3404 595 3470 δαὶ
613 3402 762 3492 δεκάμνῳ
779 3405 866 3493 τῳδε
883 3404 1040 3494 θώρακος
1056 3406 1147 3473 κύτει

488 3506 654 3594 ἐνημμένῳ
673 3507 833 3575 κάλλιστα
849 3509 1039 3597 χρήσωμαις

373 3628 411 3693 ln
432 3628 482 3695 his
507 3626 673 3715 ἐνημμένῳ
691 3628 863 3715 Berglerus
886 3630 1106 3713 interpretatur
1126 3632 1344 3715 superinducto

307 3729 359 3796 vel
375 3734 457 3796 intua
471 3733 617 3797 subducto
632 3734 723 3797 corio.
759 3731 800 3796 ld
813 3753 911 3816 quum
922 3730 1069 3820 ἒνῆφθαι
1084 3731 1263 3819 significare
1276 3757 1343 3799 non

306 3833 423 3919 possit,
452 3833 652 3900 scribendum
670 3834 780 3920 putavi
799 3838 1005 3922 συνημμένην,
1028 3836 1166 3922 legitque
1183 3836 1217 3901 id
1235 3837 1342 3923 ipsum

307 3935 475 4001 manifesto
510 3936 682 4003 scholiasta
721 3943 980 4026 ουντεθειμένῳ,
1022 3936 1222 4027 ἓρραμμὲνῳ.
1276 3939 1343 4006 Pro
1414 3975 1418 3982 ’

305 4036 464 4126 θώρακος
481 4039 590 4125 optimi
609 4039 700 4107 codd.
720 4040 761 4107 R.
776 4042 817 4107 V.
835 4041 953 4107 babent
970 4040 1132 4130 θώρηκος,
1152 4041 1239 4125 quod
1256 4053 1343 4107 reete

306 4140 411 4219 habet,
432 4141 459 4205 si
477 4141 573 4206 verba
590 4143 676 4229 τῶδε
694 4143 850 4231 θώρηκος
867 4143 957 4211 κύτει
975 4166 1014 4210 ex
1027 4144 1219 4209 Archilocho
1238 4144 1342 4210 aliove

304 4244 534 4332 iambographo
554 4246 703 4311 translata
722 4269 792 4313 esse
811 4257 941 4313 statuas.
