2859 4909
497 392 869 452 ECCLESIAZUSAE.

622 531 671 587 Vs.
690 532 751 587 806.

513 636 601 703 πάνυ
621 633 648 722 y’
667 632 706 703 άν
726 626 782 703 οὖν
798 632 1004 726 Ἀντισθένης

300 735 372 807 αὕτ’
391 738 581 825 εἰσενέγκοι·
605 736 691 806 πολὺ
709 736 771 827 γὰρ
792 737 1025 830 ἐμμελέστερον
1068 823 1070 827 ,

299 842 461 932 πρότερον
476 848 574 925 χέσαι
591 844 687 911 πλεῖν
704 837 726 931 ἢ
743 840 912 931 τριάκονθ’
929 840 1062 934 ἡμέρας.

234 956 274 1020 In
296 954 345 1020 his
369 950 454 1021 αὐτὰ
475 964 581 1042 potest
603 978 679 1022 sane
702 979 743 1020 ex
769 966 834 1022 toto
861 979 945 1021 nexu
973 957 1207 1041 quodammodo

166 1082 233 1143 quo
251 1068 372 1145 spectet
389 1058 520 1145 intelligi
526 1084 535 1137 ;
558 1058 693 1124 fortasse
710 1068 818 1124 tamen
835 1058 997 1125 lenissima
1016 1061 1082 1126 sive
1099 1063 1205 1148 potius

165 1162 257 1227 nulla
292 1161 423 1227 mutatio
458 1162 638 1228 adhibenda
676 1171 725 1228 est
756 1161 835 1227 haec
869 1172 904 1226 ut
936 1158 1048 1242 αὐτοῖς
1084 1161 1205 1249 ἐνέγκοι

168 1265 339 1343 scribatur,
363 1275 399 1330 ut
421 1276 470 1331 est
491 1289 539 1330 vs.
560 1265 632 1331 777.
653 1264 756 1332 οἴσειν
779 1264 886 1344 δοκεῖς
908 1261 966 1331 τιν’
988 1259 1206 1345 inserebatur

166 1374 245 1434 νοῦν
273 1366 338 1450 ἔχει
365 1367 498 1453 aliisque
524 1367 612 1434 loeis.
665 1369 722 1433 Ad
749 1366 981 1456 ἐμμελέστερον
1012 1368 1206 1435 subaudiunt

169 1467 276 1557 αὐτῷ,
299 1472 385 1554 quod
406 1495 484 1536 num
502 1481 586 1537 recte
605 1470 724 1537 faciant
741 1471 886 1537 dubitare
903 1470 990 1549 lieet,
1014 1495 1052 1537 ac
1069 1473 1206 1539 fortasse

170 1573 407 1660 ἕμμελίστερος
425 1573 626 1640 scribendum
644 1585 701 1654 est,
721 1574 806 1658 quod
820 1584 904 1640 recte
918 1575 1119 1663 coniungittu
1132 1598 1204 1640 cum

169 1677 337 1744 infinitivo.

625 1812 675 1868 Vs.
694 1785 766 1866 831.ι

516 1916 556 1996 ἃς
573 1914 636 2003 ἐγὼ
656 1916 846 2005 φυλάξομαι

343 2017 380 2106 νή
399 2018 456 2087 τὸν
473 2020 626 2087 Ποσειδῶ
644 2018 688 2107 μή
707 2019 938 2107 κατουρήσωσί
954 2045 1029 2104 μου.

237 2132 318 2199 Rav.
345 2132 600 2220 κατονρήσουσι,
633 2131 716 2197 unde
745 2133 864 2198 conieci
890 2129 927 2217 νή
953 2130 1010 2198 τὸν
1036 2133 1206 2216 Ποσειδιῦ,·

173 2230 212 2299 οὗ
235 2233 278 2321 μὴ
301 2235 544 2323 κατονρήσοοσί
559 2260 634 2320 μον.
679 2235 725 2300 At
747 2235 888 2300 futurum
909 2236 1003 2301 huius
1024 2235 1113 2301 verbi
1136 2259 1206 2302 esse

174 2334 359 2423 οὗρήσομαι
390 2338 526 2404 affirmat
557 2338 730 2405 Elmsleius
758 2340 799 2404 ad
826 2337 993 2424 Sophoclis
1022 2336 1106 2404 Oed.
1134 2337 1206 2405 001.

173 2465 205 2527 p.
231 2443 301 2508 108.
326 2442 465 2507 confisus
488 2442 558 2507 loco
581 2443 751 2528 depravato
773 2442 807 2505 in
828 2441 904 2506 Pae.
925 2441 1018 2507 1266.
1037 2441 1092 2507 ubi
1111 2438 1207 2530 ὀρχή-

175 2545 297 2627 σόμενα
317 2544 517 2611 scribendum
536 2568 607 2610 esse
620 2545 754 2623 ostendi,
773 2567 876 2629 neque
890 2545 975 2609 aliud
990 2544 1087 2608 futuri
1102 2567 1208 2611 exem-

173 2647 262 2733 plum
285 2657 403 2727 exstat,
426 2648 487 2713 nisi
509 2648 597 2732 quod
620 2647 761 2714 Cobetus
779 2649 879 2734 Vesp.
899 2648 973 2713 394.
995 2670 1053 2734 pro
1077 2644 1207 2735 οὐρήσω

173 2748 252 2838 μηδ’
274 2748 477 2837 ἀποπάρδω,
505 2751 591 2835 quod
617 2752 726 2816 aoristi
748 2752 982 2817 coniunctivum
1009 2773 1079 2817 esse
1100 2751 1208 2817 Elms·

173 2856 253 2920 leius
276 2854 444 2932 intellexit,
468 2850 653 2940 οὗρήσομαι
676 2850 749 2920 οὐδ’
770 2850 959 2941 ἀποπάρδω
982 2855 1077 2921 scribi
1098 2855 1207 2921 voluit.

174 2959 287 3043 Itaque
310 2967 345 3022 ut
367 2980 451 3023 nunc
474 2981 525 3022 res
548 2966 609 3035 est,
633 2960 666 3022 in
687 2970 831 3023 neutram
853 2967 974 3043 partem
997 2958 1114 3042 aliquid
1133 2959 1209 3023 certi

175 3061 302 3126 decerni
319 3072 432 3146 potest.
468 3061 540 3125 Non
560 3061 698 3146 impedio
712 3072 818 3126 tamen
832 3060 1000 3144 quominus
1013 3060 1047 3124 in
1060 3083 1098 3125 eo
1112 3083 1208 3144 quem

177 3187 272 3249 supra
289 3164 444 3249 adscripsi
462 3163 532 3228 loco
548 3160 593 3250 μή
611 3164 841 3250 κατουρήσωσί
857 3187 920 3245 μου
939 3163 989 3227 vel
1004 3172 1113 3227 eontra
1127 3164 1208 3228 Rav.

176 3269 272 3333 fidem
290 3267 470 3332 retineatur.

628 3401 677 3456 Vs.
696 3401 756 3454 840.

297 3509 404 3574 κλῖναί
420 3531 455 3573 τε
474 3511 617 3593 σισοριῦν
635 3509 690 3571 καὶ
709 3506 860 3573 δαπίδιον
878 3510 1078 3589 νενασμέναι.

241 3629 383 3694 Kustero
410 3634 602 3712 νενασμέναι
629 3635 811 3714 suspectum
839 3635 887 3692 est
914 3626 988 3711 quia
1013 3627 1120 3692 κλῖναι
1145 3650 1210 3692 non

176 3743 262 3798 recte
280 3732 424 3796 dicantur
442 3732 592 3817 tapetibus
610 3731 747 3816 refertae,
768 3730 824 3796 sed
843 3730 980 3796 δαπίσιν
999 3726 1209 3814 ἒστρωμέναι,

176 3833 336 3920 quomodo
360 3835 441 3899 forte
459 3834 624 3920 scripsisse
642 3844 768 3919 poetam
786 3833 973 3919 suspicatur.
1018 3831 1153 3899 Bothius
1172 3833 1212 3898 de

177 3941 373 4022 κεκασμέναι
390 3936 584 4003 restituendo
603 3936 776 4024 cogitabat,
796 3958 860 4020 quo
877 3959 940 4001 non
959 3935 1093 4001 multum
1110 3937 1213 4001 lucra-

178 4066 259 4119 mur,
274 4063 376 4125 neque
388 4041 420 4106 id
434 4051 519 4106 recte
533 4063 605 4105 cum
619 4040 766 4126 genetivo
780 4040 990 4127 coniungitur.
1019 4038 1212 4125 Corruptum

177 4167 250 4212 esse
276 4152 468 4227 νενασμέναι
493 4167 557 4209 non
584 4142 694 4209 dubito
725 4153 896 4227 natumque
922 4143 1046 4208 videtur
1072 4164 1112 4207 ex
1138 4138 1214 4208 ἐπι-

176 4253 384 4333 νενασμέναι,
412 4247 498 4331 quod
523 4246 598 4313 olim
625 4245 789 4333 legebatur
815 4269 845 4311 v.
870 4246 943 4313 838.
987 4245 1137 4311 Fortasse
1159 4268 1215 4311 σε-
