2859 4909
577 400 952 460 ECCLESIAZUSAE.

707 541 757 598 Vs.
776 541 835 596 756.

384 670 418 731 at
436 659 502 751 δῆτ’
520 660 578 730 ἐπὶ
595 668 728 746 στοίχου
744 657 829 730 ’στὶν
848 657 972 744 οὕτως
992 658 1032 729 οδ
1048 690 1082 730 τι
1098 662 1142 749 μή

375 763 495 854 Ἱέρωνι
513 771 560 853 τῷ
579 764 693 854 κήρυκι
710 761 850 853 πομπὴν
868 769 1039 850 actuosae,-

316 903 431 970 Merito
450 898 523 970 or'irc
539 901 599 988 μή,
623 924 681 989 pro
704 924 768 988 quo
786 893 851 990 δρα
874 898 919 987 μὴ
943 911 1156 989 exspectatur,
1178 927 1295 990 gram-

251 1009 382 1074 maticos
396 1006 539 1084 advertit,
554 1027 688 1089 quorum
697 1005 879 1071 Brunekius
895 999 1071 1083 orisiaco,
1089 1006 1294 1073 Fritzschius

252 1111 337 1198 apud
362 1109 539 1195 Bergkinm
565 1106 640 1174 εἰπέ
669 1132 729 1193 μοι
754 1108 963 1174 coniecerunt.
1016 1108 1137 1174 Lenior
1161 1111 1296 1177 medela

251 1214 346 1280 fuerit
363 1223 418 1279 aut
436 1205 508 1279 οὔτε
531 1209 570 1298 δή
594 1210 745 1289 scribere,
773 1219 828 1277 aut
848 1211 934 1295 quod
955 1210 1099 1297 praefero
1121 1211 1154 1279 εἴ
1172 1239 1208 1279 τι
1228 1212 1292 1301 μή,

253 1320 315 1383 aiei
336 1316 436 1402 sorte,
474 1313 598 1381 sublata
628 1325 702 1401 post
728 1318 878 1397 πέμπετε
903 1314 1155 1401 interrogationis
1182 1316 1294 1403 signo.

254 1420 352 1486 Peius
370 1417 465 1485 etiam
483 1417 647 1503 sequentia
663 1416 802 1483 mulcato
819 1428 902 1496 sunt,
921 1418 954 1482 in
972 1417 1087 1503 quibus
1105 1442 1153 1484 vs.
1173 1418 1249 1486 758.

359 1552 392 1634 ἐς
408 1551 467 1643 τὴν
485 1550 607 1641 ἀγορὰν
624 1552 707 1620 κατὰ
725 1550 802 1633 τοὺς
821 1554 1035 1641 δεδογμένους
1052 1553 1182 1641 νόμους,

255 1692 469 1780 interpolatori
490 1691 598 1758 deberi
621 1691 773 1778 suspicor.
818 1689 937 1757 Mirum
960 1692 1043 1758 euim
1066 1693 1166 1759 videri
1183 1694 1296 1773 debet,

257 1795 458 1862 Chremetem
481 1807 592 1881 postea
613 1794 757 1872 demum,
781 1792 836 1860 ubi
859 1795 980 1860 vicinus
1003 1819 1112 1862 rursus
1134 1820 1298 1863 novarum

256 1898 364 1986 legum
381 1897 571 1963 mentionem
588 1897 685 1976 inicit,
704 1920 742 1963 ea
759 1897 798 1962 de
815 1919 850 1963 re
867 1897 981 1976 mirari,
1000 1898 1052 1963 hic
1066 1910 1171 1965 sutem
1185 1899 1299 1965 solum

257 2001 335 2066 illud
353 1996 536 2087 ἀποφέρειν
553 2021 676 2087 urgere,
695 2001 787 2084 quasi
804 1999 844 2065 de
862 1999 986 2088 legibus
1003 2000 1049 2065 nil
1067 2002 1250 2068 audivisset.

710 2237 761 2293 Vs.
781 2238 839 2292 761.

303 2371 369 2429 ΧΡ.
397 2358 434 2450 νὴ
452 2358 510 2429 τὸν
528 2367 593 2428 Δία
610 2357 666 2427 τὸν
686 2365 828 2447 σωτῆρα.
867 2370 909 2427 A.
929 2367 1019 2444 πῶςς
1062 2372 1129 2428 ΧΡ.
1156 2367 1247 2444 nuic,-

862 2463 994 2551 ῥᾳδίως.

325 2601 418 2667 Haeo
441 2623 538 2667 sensu
561 2623 653 2666 cessa
676 2609 750 2666 sunt
772 2610 802 2665 et
824 2600 1031 2666 adversantur
1052 2603 1207 2668 constanti
1227 2602 1298 2690 legi

262 2705 414 2770 sermonis
449 2704 569 2791 graeci,
606 2704 661 2788 qui
695 2714 827 2809 prot
784 2701 881 2768 altero
911 2710 986 2784 πῶς
1016 2698 1199 2792 postulat
1187 2699 1296 2784 ὁπως

261 2805 409 2888 Denique
444 2806 520 2889 quid
551 2806 629 2893 p‘ptit
630 2829 675 2883 (ος
707 2790 877 2893 significet,
913 2830 1007 2873 nemo
1037 2808 1150 2873 docere
1179 2810 1297 2895 potuit.

261 2907 426 2991 Itaque
395 2907 457 2972 msi
479 2907 563 2973 hune
586 2931 713 2973 versum
735 2933 754 2975 a
778 2909 876 2975 sciolo
896 2909 1017 2976 illatum
1040 2911 1299 2992 dieas,nil'n1si

261 3009 390 3076 lacinias
426 3008 561 3075 duorum
598 3033 747 3077 versuum
783 3035 948 3099 superesse
988 3014 1188 3079 statuendum
1225 3017 1298 3081 erit.

263 3112 360 3199 Quod
387 3112 414 3179 si
440 3118 514 3192 πῶς
539 3136 597 3199 per
617 3114 771 3180 incuriam
793 3116 938 3181 iteratum
961 3138 1031 3182 esse
1055 3128 1086 3181 et
1108 3118 1298 3202 perticulam

263 3216 293 3285 ei
315 3216 480 3284 extrivisse
503 3226 639 3284 statuere
661 3217 748 3297 licet,
777 3219 853 3285 satis
881 3218 1045 3286 commode
1068 3228 1168 3285 totum
1190 3221 1299 3287 locum

263 3322 308 3387 ita
325 3321 478 3408 retinges:

294 3466 334 3525 Χ.
357 3458 486 3541 μέλλεις
504 3453 702 3545 ἀποφέρεινς
737 3466 778 3524 A
803 3456 888 3523 πάνυ
870 3481 968 3626 psl
990 3466 1031 3524 Χ.
1054 3459 1262 3606 κακοδαίμιον

865 3554 888 3625 δ’
936 3584 951 3626 ε

302 3660 340 3748 νὴ
358 3660 415 3729 τὸν
433 3667 498 3728 Δία
515 3659 571 3728 τὸν
590 3667 732 3749 σωτῆρα.
776 3672 818 3729 A.
846 3585 936 3744 naim·
979 3672 1020 3729 X.
1049 3663 1079 3730 εἰ
1096 3666 1220 3753 ῥᾳδίως

304 3760 413 3844 [αὐτὸς
431 3761 473 3831 τὰ
491 3770 614 3831 σαυτοῦ
631 3760 766 3851 χρήματ’
783 3761 966 3849 ἀποβαλεῖς
983 3766 1107 3849 τάλαν]

267 3898 473 3985 Corruptum,
495 3924 559 3967 non
581 3901 766 3968 lacunosum
790 3925 860 3968 esse
877 3902 982 3969 locum
1000 3905 1159 3992 Bergkius
1178 3909 1301 3986 statuit,

267 4003 318 4068 cui
334 4002 413 4068 haec
430 4003 475 4067 its
494 4004 660 4070 scribenda
677 4004 837 4071 videntur:

697 4150 738 4208 Χ.
766 4142 972 4225 κακοδαίμων
991 4139 1097 4229 ἀρεῑς;

309 4252 351 4309 A.
379 4238 416 4328 νὴ
434 4236 491 4308 τὸν
509 4246 575 4307 Δία
592 4239 648 4309 τὸν
667 4241 785 4331 σωτῆρ’
802 4242 944 4312 ἀπαίσια.
989 4256 1030 4313 Χ.
1059 4247 1229 4335 δαιμονᾷς.
