2859 4909
496 423 649 480 NUBES.
1052 416 1092 481 77

76 563 193 629 Accedit
213 563 300 648 quod
322 566 413 645 κόνις
432 563 559 631 Atticos
582 565 693 631 ultima
713 564 802 633 brevi
824 566 943 636 dixisse
965 570 1098 637 demon*

78 666 154 731 atron
170 689 231 732 non
248 677 366 753 potest.

513 804 563 861 Vs.
582 805 642 859 995.

126 911 215 998 μηδὲν
231 921 358 991 ποιεῖν,
380 904 401 976 ό
417 936 451 977 τι
467 914 526 997 τῆς
543 908 658 988 αἰδοῦς
674 911 788 994 μέλλει
804 906 941 998 τᾶγαλμ’
958 912 1037 979 ἀνα-

662 1013 811 1100 πλήσειν.

125 1136 164 1218 ⁸In
180 1133 273 1199 huius
297 1156 410 1199 versus
429 1134 583 1220 scn'ptura
601 1144 753 1218 sequutus
772 1158 844 1200 sum
861 1134 908 1214 id,
931 1135 1017 1220 quod
1035 1158 1093 1201 sua

77 1263 104 1305 εε
120 1237 312 1324 simplicitate
330 1237 468 1301 maxime
485 1237 695 1303 commendat.
742 1236 845 1303 Codd.
860 1238 927 1304 iere
946 1232 999 1305 ὅτι
1015 1240 1093 1321 μέλ-

76 1346 132 1421 λεις
154 1351 184 1407 et
210 1337 431 1408 ἀναπλάττειν
456 1338 508 1404 vel
535 1335 775 1416 ἀναπλάσσειν,·
810 1340 888 1406 illud
915 1340 1095 1407 emendavit

76 1446 203 1523 Reizius,
227 1440 430 1529 ἀναπλήσειν
452 1453 558 1508 antem
581 1465 653 1508 cum
674 1444 813 1531 vulgatis
836 1455 868 1512 et
886 1443 987 1510 Suida
1003 1466 1096 1531 prae·

76 1550 130 1615 buit
145 1547 225 1614 Ven.
270 1546 370 1612 Recte
394 1546 599 1611 Hermannus
622 1549 769 1633 quicquid
783 1551 915 1634 pudoris
938 1551 983 1613 tui
1005 1541 1092 1613 deuo

77 1654 249 1717 contaminet.
283 1649 369 1720 Nota
386 1659 435 1716 est
451 1648 531 1715 haec
548 1649 637 1715 verbi
656 1649 800 1736 πλήθειν
819 1651 1017 1738 significatio.
1052 1650 1093 1715 In

78 1754 211 1841 Aeschyli
230 1754 269 1818 fr.
284 1754 359 1819 269.
379 1750 518 1840 iuuetis
535 1750 596 1840 γάρ
614 1748 749 1837 ὑψόθεν
762 1754 955 1838 ποτώμενος
974 1754 978 1842 Ι
999 1749 1092 1841 άνθην

78 1881 106 1924 σε
118 1857 231 1945 πληξει
248 1854 367 1942 νηδύος
382 1855 594 1939 χειλιύμασιν,
613 1855 784 1942 legendum
801 1858 925 1923 videtur
942 1853 1035 1945 ἀνθῳ
1055 1880 1092 1924 σε

77 1962 178 2048 τλήσει
194 1960 315 2045 νηδύος
330 1957 530 2042 χαλιύμασιν,
551 1983 615 2024 non
628 1960 715 2043 quod
727 1960 890 2028 Nauckius
905 1984 1006 2047 nuper
1018 1984 1096 2027 eon-

76 2064 134 2129 iecit
147 2063 208 2153 γάρ
227 2057 257 2130 α’
274 2059 409 2149 ὑψόθεν
425 2100 469 2110 -
487 2057 581 2148 ὅνθῳ
600 2063 752 2143 παλάξει.

502 2223 552 2278 Vs.
571 2224 647 2277 1007.

114 2331 244 2413 μίλακος
262 2324 347 2405 ἰύζων
364 2330 419 2395 καὶ
437 2324 694 2416 ἀπραγμοσύνης
712 2331 768 2395 καλ
785 2328 900 2416 λεύκης
918 2331 1040 2417 φολλο-

659 2432 835 2519 βολούσης.

92 2565 95 2569 ’
127 2551 240 2618 Merito
258 2551 392 2618 advertit
405 2552 570 2618 Kockium
587 2552 704 2639 populo
717 2552 821 2620 arbori
835 2552 995 2640 epitheton
1008 2552 1095 2624 indi·

78 2664 130 2721 turn
145 2679 225 2735 esse,
244 2657 330 2740 quod
348 2657 459 2722 eodem
477 2657 544 2720 iure
562 2656 709 2722 omnibus
728 2656 798 2723 aliis
816 2655 979 2723 arboribus
997 2656 1093 2722 tribui

78 2769 175 2843 potest,
198 2761 306 2843 itaque
323 2759 357 2823 in
374 2759 457 2826 hanc
474 2759 590 2825 labitur
607 2760 800 2845 opinionem,
823 2770 859 2825 ut
876 2760 1094 2847 φαλλοβολεῖν

79 2860 133 2927 bl.
152 2886 214 2929 non
233 2858 437 2946 ἀποβάλλειν
453 2862 496 2929 τὰ
514 2862 636 2952 φύλλα,
662 2865 719 2929 aed
736 2862 953 2948 μεταβάλλειν
970 2863 1097 2951 signifif

79 2986 133 3031 tare
148 2967 314 3045 existimet,
334 2989 428 3050 qnam
447 2966 480 3030 in
496 2990 564 3032 rem
581 2966 685 3032 attulit
702 2966 863 3053 Theophr.
882 2967 969 3032 Hist.
987 2966 1093 3032 Plaut.

79 3066 165 3147 Ι,10,
189 3071 219 3134 1.
248 3080 280 3134 et
304 3069 371 3146 III,
391 3071 451 3147 18,
479 3070 530 3134 17.
573 3069 646 3134 Non
671 3071 766 3135 credo
792 3070 875 3135 hanc
901 3093 971 3135 esse
997 3092 1092 3156 posse

23 3217 24 3256 η
81 3170 209 3258 simplicis
227 3172 317 3238 verbi
333 3171 467 3257 βάλλειν
485 3172 756 3258 significationem.
798 3173 915 3257 Quare,
933 3173 994 3238 nisi
1012 3172 1095 3238 sorte

81 3274 331 3361 ηολλοκομούσης
349 3273 564 3353 scribendum,
583 3276 800 3363 φολλοβολεῖν
818 3277 851 3341 in
869 3276 950 3342 hano
969 3285 1093 3341 senten-

23 3377 24 3392 ³
81 3376 138 3443 tiam
162 3380 381 3465 accipiendum
408 3387 471 3456 est,
499 3388 534 3443 ut
561 3378 602 3442 sit
628 3377 722 3445 arbor
747 3379 875 3445 honoris
899 3401 995 3444 causa
1015 3377 1093 3443 folia

81 3502 212 3569 spargens
237 3482 272 3546 in
299 3504 372 3560 eos,
409 3481 464 3566 qui
490 3481 523 3545 in
550 3481 617 3546 eius
645 3480 758 3547 umbra
782 3483 956 3547 versantur.
982 3509 985 3514 ⁴
1010 3480 1096 3545 Noto

23 3605 24 3640 t
81 3594 138 3648 sunt
152 3608 231 3669 quae
249 3585 369 3671 passim
386 3584 427 3649 de
450 3584 655 3671 φολλοβολίηι
672 3585 849 3663 truduntur,
872 3584 913 3649 de
935 3606 998 3669 qna
1020 3582 1093 3648 vide

80 3683 257 3752 boeokhium
274 3688 315 3753 od
332 3686 465 3752 Pindari
481 3686 578 3774 Pyth.
598 3687 662 3765 IX,
678 3688 750 3753 130.
766 3688 867 3771 (219.)
911 3685 964 3753 Of.
988 3685 1097 3752 Horass

73 3788 128 3855 tius
145 3790 249 3889 Carm,
268 3791 332 3870 111,
352 3791 403 3869 18,
424 3790 475 3855 14.
493 3794 613 3878 aporpit
631 3803 762 3877 aprertea
781 3792 837 3855 tibi
854 3792 931 3856 σι’ἰοο
941 3790 1085 3877 frondea.

402 4008 405 4012 ,
504 3950 554 4006 Vs·
573 3952 650 4006 1010.

239 4059 293 4124 καὶ
310 4055 397 4145 πρὸς
414 4056 545 4134 τούτοις
562 4060 728 4145 προσέχῃς
744 4051 801 4122 τὸν
819 4061 903 4122 νοῦν.

132 4176 199 4243 Ηοε
209 4180 263 4262 qui
273 4202 337 4245 non
349 4201 463 4266 graece
476 4178 594 4242 dictum
609 4200 679 4243 esse
693 4176 914 4242 animadvertit
922 4176 1094 4264 BergkiuS,

80 4279 195 4346 coniecit
220 4284 274 4348 καὶ
299 4280 467 4349 τούτοισιν
494 4278 576 4367 ἔχῃς.
622 4280 749 4345 Talium
775 4280 916 4347 locorum
942 4301 1095 4365 perquam
