2859 4909
461 383 758 441 LYSISTRATA.
883 419 886 424 -

535 522 586 579 Vs.
605 523 682 578 1126.

213 699 217 704 ,
251 623 333 716 uiri]
354 624 384 694 δ’
402 625 544 715 ἐμαυτῆς
561 624 600 695 οὗ
618 634 726 708 κακῶς
742 629 873 715 γνώμης
890 627 963 713 ἕχον.

118 841 120 843 q
162 751 274 817 Parum
292 748 468 835 eleganter,
492 749 519 815 si
536 748 614 835 quid
631 749 751 828 iudico,
770 749 928 837 duplicem
945 752 1126 839 genetivum
1151 813 1153 820 .

20 922 22 931 ,
108 853 146 936 sic
158 853 325 946 coniunxit,
344 852 423 919 alter
435 863 470 917 ut
484 852 524 919 ab
543 852 641 919 altero
660 873 833 940 suspensus
848 854 899 934 sit,
917 854 1004 940 quod
1016 875 1128 941 quam·

107 981 190 1043 quam
211 957 307 1022 etiam
329 955 398 1022 aliis
420 954 498 1022 locis
521 954 642 1021 lactum
668 962 732 1034 est,
759 956 874 1023 horum
899 969 1006 1023 tamen
1032 958 1127 1045 paulo

105 1062 157 1127 aha
172 1068 217 1126 est
229 1060 320 1138 ratio,
338 1079 398 1126 nec
411 1058 584 1145 quidquam
597 1057 790 1145 impediebat
803 1068 930 1147 poetam
942 1080 1010 1146 quo
1020 1062 1126 1128 minus

106 1163 254 1231 scriberet:
1215 1179 1218 1184 '

115 1342 120 1346 ,
208 1260 291 1352 αὕτη
313 1260 344 1332 d'
361 1259 419 1332 ἀπ’
438 1262 580 1351 ἐμαυτῆς
598 1258 636 1329 ori
654 1269 762 1344 κακῶς
779 1264 909 1351 γνώμης
927 1264 1000 1350 ἔγω,

106 1370 276 1458 praesertim
300 1391 373 1434 cum
398 1368 432 1434 in
454 1368 601 1454 opposita
623 1368 780 1434 sententia
800 1368 876 1433 item
893 1369 1126 1457 praepositione

106 1498 170 1541 usus
192 1474 245 1552 sit,
269 1469 348 1551 τοὺς
371 1466 402 1538 δ’
424 1468 458 1537 ἐκ
479 1466 668 1559 πατρὸς-
689 1470 808 1557 λόγους
830 1467 985 1540 ἀκούσατ’
1007 1469 1045 1540 οὗ
1067 1499 1127 1559 με·

105 1578 268 1661 μοόοιομαι
285 1579 403 1654 κακῶς.

535 1742 586 1818 Vs.
605 1743 681 1797 1131.

231 1846 459 1935 Ὀλυμπίασιν,
478 1846 511 1916 ἓν
528 1848 669 1938 Πύλαις,
688 1851 819 1915 Πυθοῖ·
837 1848 965 1932 πόσους

236 1947 362 2037 εἴποιμ’
379 1947 419 2019 ἂν
437 1948 571 2031 ἄλλους,
590 1951 624 2019 e’s'
637 1976 679 2036 με
697 1952 849 2039 μηκύνειν
868 1953 949 2020 δέοι.

156 2075 280 2142 Nullam
295 2073 400 2148 *fidem
421 2071 525 2140 habeo
552 2072 740 2139 scholiastae
767 2073 904 2160 primum
930 2095 1059 2140 versum
1086 2097 1127 2142 ex

105 2179 242 2267 Euripide
264 2177 452 2244 translatum
475 2176 605 2243 dicenti:
633 2171 710 2255 όλος
737 2171 755 2242 ὅ
778 2176 900 2261 ’ἴαμβος
921 2177 1069 2244 λέλεκται
1092 2177 1129 2260 ἐξ

103 2278 277 2368 Ἐρεχθέως.
322 2281 371 2346 At
391 2280 541 2346 immunis
563 2279 675 2366 culpae
702 2278 872 2346 scholiasta
898 2290 960 2359 est,
988 2280 1044 2367 qui
1070 2281 1126 2347 ad·

107 2388 260 2473 scripserat
277 2384 360 2450 hanc
378 2383 611 2450 annotationem
630 2383 671 2449 ad
689 2406 737 2450 vs.
758 2382 853 2449 1135.

239 2485 289 2567 εἶς
306 2487 365 2571 μὲν
384 2484 482 2572 λόγος
498 2510 558 2570 μοι
577 2481 662 2571 δεῦρ’
679 2482 733 2553 ἀεὶ
749 2489 951 2573 περαίνεται.

107 2591 197 2676 Quam
217 2615 281 2658 non
304 2614 420 2657 vanam
442 2589 654 2656 coniecturam
671 2611 744 2656 esse
761 2588 946 2678 intelligitur
963 2611 1004 2656 ex
1020 2613 1127 2677 gram

106 2696 204 2762 natiso
225 2694 312 2782 apud
329 2693 573 2760 Bachmannum
589 2690 715 2759 Anecd.
735 2692 763 2758 1.
781 2714 814 2780 p.
834 2693 907 2773 191,
924 2693 979 2760 27.
1001 2692 1057 2759 ubi
1073 2693 1125 2762 bic

24 2811 31 2826 ¹
105 2798 160 2882 ipse
173 2821 282 2865 versus
297 2797 439 2864 disertim
452 2795 601 2884 Euripidi
615 2794 771 2862 tribuitur.
810 2794 924 2863 Monui
939 2818 977 2863 ea
991 2795 1079 2864 dere
1092 2798 1126 2864 in

105 2899 220 2989 Berghii
233 2900 415 2967 Annalibus
431 2897 552 2967 Solent.
565 2897 676 2983 Antiq.
693 2899 788 2967 1843.
802 2921 834 2987 p.
849 2899 923 2967 293.
938 2899 1025 2985 quod
1042 2901 1126 2990 fugit

104 3002 267 3070 Nauchium
289 3003 331 3068 ad
346 3002 459 3097 Eurip.
478 3001 593 3090 fragm.
612 3001 687 3068 365.
732 3001 788 3068 Ad
804 3001 934 3088 πόσους
951 3003 1123 3092 Berglerus

105 3106 235 3194 intelligit
260 3105 409 3191 βωμούς,
442 3128 545 3192 neque
572 3105 762 3171 dissentiunt
789 3106 895 3173 ceteri.
938 3105 1023 3172 Mihi
1042 3103 1124 3176 ¹uero

99 3207 168 3276 brec
188 3210 358 3276 durissima
379 3210 460 3275 ratio
478 3231 549 3275 esse
567 3208 692 3274 videtur
708 3230 768 3275 nec
785 3208 963 3276 ullomodo
981 3209 1122 3277 ferenda.

107 3308 208 3379 Subest
224 3312 312 3380 haud
329 3312 424 3378 dubie
438 3312 560 3391 vitium,
578 3312 663 3397 quod
679 3311 725 3377 ita
743 3311 810 3378 tolli
827 3334 923 3398 posse
936 3311 1069 3392 videtur,
1088 3325 1124 3380 ut

106 3414 254 3482 scribatur:
875 3419 880 3432 ¹

237 3513 364 3603 εἴποιμ’
382 3514 423 3584 ἂν
441 3514 596 3605 ἀγόρους,
617 3516 650 3583 e's'
663 3541 705 3600 με
722 3515 875 3604 μηκύνειν
894 3517 974 3585 δέοι.

107 3617 181 3702 Quae
207 3623 235 3689 si
261 3643 337 3688 vera
362 3632 411 3687 est
438 3620 631 3699 coniectura,
664 3620 750 3686 hunc
775 3642 1055 3707 quoquoversum
1081 3646 1123 3690 ex

106 3720 240 3811 Euripide
256 3724 445 3794 translatum
462 3724 613 3801 dicerem,
637 3724 723 3811 apud
744 3746 840 3808 quem
862 3724 1011 3811 frequens
1029 3749 1123 3795 voca-

107 3822 159 3891 buli
170 3824 287 3914 όγορος
302 3850 382 3894 usus
400 3838 460 3905 est,
479 3826 565 3913 apud
582 3827 661 3894 alios
679 3838 787 3893 autem
804 3838 870 3894 tam
886 3852 986 3909 rarus,
1004 3840 1122 3899 utnon

108 3928 265 3997 mhandum
295 3931 337 3997 sit
367 3931 402 3996 in
426 3928 652 4017 Aristophanis
678 3930 750 3996 loco
777 3926 920 4019 ἀγόρους
944 3934 978 3999 in
1004 3930 1124 4015 ἄλλους

110 4023 267 4120 corruptum
290 4056 372 4100 esse.
392 4106 395 4112 ,
415 4031 478 4099 Est
503 4042 608 4100 autem
634 4044 701 4099 tota
726 4032 781 4099 illa
801 4034 1001 4121 Lysistratas
1024 4039 1123 4105 oratio

110 4130 166 4201 inde
189 4161 207 4203 a
231 4161 280 4205 vs.
309 4136 403 4203 1122.
429 4136 545 4202 referta
570 4136 712 4204 locorum
744 4159 785 4218 ex
810 4136 975 4226 Euripidis
1006 4140 1122 4209 fabulis

112 4232 261 4306 ductorum.
844 4295 846 4302 ,
1133 4249 1134 4253 ’
