2859 4909
575 409 734 465 RANAE.
1109 400 1169 466 181

23 557 24 584 ³
137 560 238 615 tamen
255 551 299 615 ita
317 560 436 628 tuetur,
455 560 490 615 ut
507 549 537 616 ei
555 551 715 616 assensuri
735 550 812 628 sint,
834 550 889 635 qui
907 549 1027 617 sincere
1045 551 1170 638 litigan-

22 651 23 702 ί
136 653 211 718 tium
222 663 387 740 poetarum
400 652 532 719 consilia
544 652 777 739 perpenderint.
812 651 989 738 Utriusque
1003 655 1169 720 consilium

22 815 23 830 η
136 756 304 842 sapientiae
331 755 458 822 laudern
485 754 595 833 habet,
622 755 856 842 perspicuitatis
883 768 989 823 autern
1018 758 1168 824 maiorem

22 851 23 854 ¹
135 859 212 925 adeo
228 857 392 946 Euripidis
415 881 511 944 quam
527 857 683 944 Aeschyli
704 857 802 924 habet
823 859 989 925 consilium
1007 861 1168 948 aenigma·

135 963 174 1028 tis
192 961 380 1049 ambagibus
397 961 584 1027 involutum.
628 961 745 1047 Itaque.
760 983 944 1048 perversum
962 971 1012 1031 est
1028 963 1168 1051 Dionysi

134 1064 296 1143 iudicium,
315 1065 405 1130 cuius
422 1055 663 1151 perversitaterri
681 1064 776 1130 etiam
794 1066 897 1151 magis
914 1075 1077 1152 patescere
1096 1089 1168 1133 sen·

135 1169 206 1247 ties,
230 1168 257 1234 si
278 1190 347 1234 rem
368 1168 413 1233 ita
435 1168 666 1254 contempleris.
712 1166 779 1250 Qui
801 1168 883 1233 duos
904 1179 1015 1255 poetas
1033 1169 1114 1235 inter
1132 1193 1166 1235 se

134 1281 291 1359 comparat
308 1271 461 1356 alterique
479 1270 665 1357 sapientiae,
683 1269 775 1335 alteri
791 1270 1022 1357 perspicuitatis
1039 1270 1166 1338 laudem

133 1375 282 1462 impertit,
305 1395 344 1440 eo
365 1374 437 1460 ipso
455 1374 589 1459 sapienti
606 1373 854 1459 perspicuitatis,
875 1375 1043 1460 perspicuo
1060 1385 1165 1452 antem

134 1477 303 1564 sapientiae
324 1477 451 1543 laudem
473 1475 619 1542 detrahit.
663 1475 795 1542 Nullum
812 1475 908 1563 igitur
923 1475 1056 1543 dubium
1073 1478 1168 1544 relin-

133 1581 249 1665 quitur,
272 1580 350 1665 quin
366 1579 600 1666 Aristophanes
621 1601 686 1645 non
709 1578 743 1643 id
764 1578 850 1665 quod
866 1579 899 1644 iu
915 1578 1004 1646 libris
1023 1589 1072 1647 est
1090 1583 1167 1647 scri-

131 1684 240 1770 pserit,
259 1683 317 1750 sed
335 1683 411 1749 hoc:

247 1802 265 1870 ὃ
283 1804 343 1888 μὲν
361 1808 477 1891 σοφῶς
493 1800 556 1889 γὰρ
575 1798 681 1884 εἶπεν,
702 1800 721 1869 ὃ
741 1797 772 1868 δ’
789 1799 899 1888 ἕτερος
917 1809 1041 1892 σοφῶς,

131 1945 191 2007 quo
209 1946 317 2011 parem
335 1924 461 2009 utrique
474 1922 648 2010 sapientiae
660 1921 788 1988 landem
802 1923 955 2010 impertit3
974 1934 1068 2017 atque
1082 1925 1163 1992 hanc

130 2026 232 2112 ipsam
249 2026 291 2093 ob
309 2048 439 2093 cansam
457 2048 492 2093 se
509 2026 631 2092 nescire
645 2025 722 2092 dicit
735 2024 911 2113 Dionysus,
929 2026 963 2091 in
980 2049 1075 2111 qnam
1093 2050 1165 2115 par-

132 2140 194 2195 tem
216 2130 405 2197 sententiam
427 2129 522 2208 ferat,
545 2129 600 2215 qui
619 2130 647 2195 si
664 2129 747 2195 inter
764 2129 950 2215 sapientiam
968 2141 1000 2194 et
1018 2130 1163 2197 dictionis

128 2234 383 2324 perspicuitatem
409 2233 495 2319 optio
522 2232 584 2319 ipsi
610 2231 686 2298 data
710 2231 839 2310 fuisset,
866 2254 930 2298 uon
955 2231 1088 2300 dubium
1115 2249 1164 2306 est

130 2337 203 2420 quin
219 2334 277 2404 τὸν
296 2333 404 2425 σοφὸν
421 2335 567 2402 maluerit
584 2357 680 2421 quam
698 2331 755 2401 τὸν
774 2339 876 2421 σαφῆ.

569 2505 618 2561 Vs.
638 2504 714 2558 1448.

262 2610 414 2678 τούτοισι
429 2606 665 2698 χρησαίμεσθ’,
685 2608 768 2688 ἴσως
786 2613 954 2694 σωθεῖμεν
973 2606 1022 2677 ἄν.

189 2733 240 2797 Ita
266 2731 352 2797 hunc
372 2752 501 2798 versum
523 2753 564 2797 ex
585 2729 628 2796 V.
651 2728 751 2809 edidi3
777 2729 811 2795 in
833 2730 915 2796 Rav.
939 2731 1090 2819 scriptum
1114 2747 1161 2799 est

127 2839 358 2923 χρησαίμεσθα
385 2838 575 2920 σωθείημεν
602 2828 655 2914 ἄν,
684 2833 771 2918 quod
792 2832 979 2901 Dindortius
1006 2845 1037 2901 et
1059 2835 1161 2925 Berg-

129 2938 198 3004 kius
216 2939 318 3004 secuti
336 2944 424 3015 sunt3
448 2946 481 3002 at
498 2940 689 3023 σωθείημεν
709 2959 775 3002 σοσ
793 2947 841 3003 est
859 2938 1059 3023 antiquorum
1076 2940 1162 3005 Atti-

129 3064 235 3108 corum
252 3040 365 3107 forma.

190 3143 256 3228 Qui
274 3143 359 3209 hunc
375 3142 519 3229 proxime
537 3142 697 3229 excipiunt
714 3165 838 3221 versus,
856 3144 1002 3227 quamvis
1020 3144 1061 3211 ab
1077 3144 1161 3210 Her-

15 3301 16 3342 η
128 3270 240 3314 manno
263 3246 428 3323 defensos,
455 3267 517 3332 ego
539 3245 699 3311 eiciendos
722 3246 846 3333 putavi,
873 3267 932 3310 nec
951 3247 1069 3312 servari
1086 3270 1161 3333 pos-

15 3415 16 3428 ,
128 3363 197 3417 sunt
223 3350 285 3417 nisi
307 3356 380 3435 post
404 3348 498 3415 1448.
520 3370 649 3414 versum
672 3348 828 3414 excidisse
851 3355 987 3422 statuas,
1014 3349 1048 3414 in
1069 3351 1158 3417 cuius

15 3451 16 3524 ί
127 3455 184 3520 fine
201 3453 297 3520 fuerit
314 3451 468 3538 particula
487 3450 570 3519 ἐπεί.

566 3620 616 3676 Vs.
634 3622 712 3675 1460.

291 3722 420 3813 εὕρισκε
437 3723 475 3812 νη
493 3721 562 3805 Δί’,
586 3725 680 3814 εἴπερ
700 3722 857 3793 ἀναδύσει
875 3724 986 3791 πάλιν.

187 3849 297 3932 Εἴπερ
321 3871 340 3912 a
363 3845 504 3934 Seagero
527 3847 560 3911 in
582 3835 667 3934 ᾗπερ
695 3855 852 3912 mutatum
878 3844 1014 3912 fortasse
1041 3852 1160 3916 servari

126 3961 228 4038 potest
249 3952 283 4016 in
304 3972 400 4015 versu
417 3971 521 4034 neque
540 3947 764 4036 Aristophanis
782 3972 885 4035 neque
903 3951 1015 4017 aetatis
1033 3951 1159 4020 Aristo·

126 4055 276 4141 phaneae.
321 4052 592 4139 Interpolstricem
607 4075 736 4117 manum
749 4053 853 4139 prodit
871 4054 966 4119 etiam
984 4053 1063 4119 illud
1081 4051 1159 4121 ἅνα-

128 4157 230 4238 diosc,
254 4154 340 4242 quod
363 4154 402 4221 ab
426 4154 521 4220 attico
544 4155 694 4243 scriptore
717 4154 801 4222 illius
825 4156 936 4222 aetatis
958 4178 1016 4241 pro
1039 4153 1159 4225 ἀναδύ-

128 4283 218 4328 σεται
234 4259 298 4327 dici
315 4282 379 4326 non
394 4257 506 4345 potuit.
