2859 4909
430 393 807 453 ECCLESIAZUSAE.
1076 386 1140 451 207

510 532 561 587 Vs.
580 534 648 588 1168
666 550 727 604 sqq.
1077 564 1088 598 ⁸

239 634 318 719 ταχὺ
337 637 399 723 γὰρ
418 635 528 704 ἔπεισι
546 638 940 721 λοπαδοτεμαχοσοελοχο
958 675 1002 687 -

167 760 216 824 Ita
247 758 326 824 haec
357 758 390 822 in
420 757 502 823 Rav,
531 758 648 844 scripta
680 768 768 837 sunt3
805 781 878 825 cum
908 760 986 834 mihi
1011 761 1139 845 patinae

110 885 217 928 nomen
237 860 453 928 necessarium
475 859 632 940 videatur,
655 860 793 927 fortasse
815 861 977 929 λοπάδιον
1001 864 1139 929 scriben-

109 967 178 1029 dum
200 975 231 1030 et
253 974 467 1029 monstrosum
486 961 549 1028 cibi
571 985 687 1029 nomen
710 986 731 1029 a
750 959 992 1048 τεμαχοσελοχο
1015 967 1139 1033 ordien-

25 1135 26 1140 ,
109 1069 179 1133 dum
196 1077 255 1133 est.
294 1066 419 1132 Nomen
437 1064 498 1131 hoc
515 1065 561 1130 ita
582 1065 726 1146 distinxi,
746 1077 782 1131 ut
798 1089 846 1133 vs.
868 1067 961 1134 1169.
983 1070 1077 1135 1171.
1097 1092 1138 1135 ex

25 1215 26 1220 κ
109 1170 280 1247 trochaicis,
318 1168 414 1236 ceteri
443 1178 550 1235 autem
579 1192 691 1235 versus
724 1190 764 1234 en
798 1169 963 1255 dactylicis
996 1172 1136 1238 numeris

25 1329 26 1344 2
109 1282 253 1339 constent.
298 1271 358 1338 Vs.
392 1271 486 1337 1172.
522 1269 635 1355 reliqui
668 1281 848 1359 corruptum
882 1275 1135 1361 οπτεκεφαλλιο,

108 1399 160 1462 pro
193 1398 256 1460 quo
290 1374 374 1440 Rav.
410 1373 506 1440 habet
542 1375 819 1461 οπτεγκεφαλλιο,
855 1398 874 1440 a
903 1374 1071 1443 Dindorfio
1102 1378 1136 1442 in

25 1503 26 1544 t
110 1478 328 1566 οπτεγκεφαλο
355 1487 521 1543 mutatum.
574 1475 675 1542 Aliud
701 1476 798 1543 latere
823 1487 958 1543 metrum
987 1480 1133 1560 ostendit,

25 1597 26 1660 ξ
108 1581 154 1646 cui
171 1579 366 1647 satisfaceret
384 1580 644 1667 οπτοκεφαλλιο,
667 1589 702 1644 ut
725 1579 902 1667 κεφάλλιον
921 1580 962 1647 ad
979 1583 1132 1670 κέφαλος,

25 1671 26 1688 ’
108 1684 186 1767 quod
214 1684 312 1771 piscis
343 1706 460 1748 nomen
487 1693 550 1761 est,
586 1682 788 1748 referendum
815 1684 856 1748 sit
882 1697 913 1749 et
939 1683 1134 1752 deminutivo

25 1807 26 1876 ᾗ
106 1798 193 1871 poeta
209 1797 338 1874 propter
355 1796 490 1850 metrum
507 1808 586 1850 usus
605 1808 675 1850 esse
695 1794 859 1851 statuatur.
903 1787 957 1853 De
975 1788 1133 1876 duplicato

25 1951 26 1998 ἱ
106 1890 140 1953 λλ
156 1891 188 1954 in
205 1911 284 1956 voce
301 1884 427 1977 κεφαλὴ
446 1888 573 1954 aliunde
591 1898 725 1954 constat.

540 2057 591 2112 Vs.
610 2058 686 2111 1174.

25 2245 26 2256 ¹
143 2159 230 2229 τοῦτ’
247 2158 494 2251 ἀκροασάμενος
510 2160 591 2245 ταχὺ
610 2164 666 2227 καὶ
682 2166 806 2245 ταχέως
823 2163 904 2248 λάβε
921 2164 1084 2252 τρύβλιον.

25 2353 26 2374 ἶ
165 2284 201 2347 In
223 2284 273 2348 his
295 2282 393 2349 verba
414 2282 496 2366 ταχὺ
519 2285 575 2349 καὶ
591 2282 778 2348 Dindorfius
797 2282 912 2368 aliique
934 2284 1130 2364 deleverunt3

105 2405 162 2451 non
191 2386 286 2453 credo
316 2386 351 2452 id
379 2395 464 2452 recte
496 2385 618 2452 factum
650 2408 730 2451 esse.
786 2384 995 2453 Scribendum
1025 2390 1130 2475 potius

25 2543 26 2570 2
105 2493 221 2571 ταχέως
237 2495 376 2573 ταχέως,
395 2489 665 2574 quemadmodum
682 2488 779 2555 Pluto
797 2490 871 2557 644.
890 2490 989 2557 habes
1007 2496 1131 2574 ταχέως

25 2575 26 2644 3
105 2597 221 2674 ταχέως
244 2588 315 2681 φέρ’
337 2588 424 2659 οἶνον
449 2582 479 2675 ὦ,
500 2593 671 2659 δέσποινα.
716 2592 816 2657 Error
838 2616 878 2657 ex
899 2603 1051 2681 perpetua
1077 2595 1131 2660 illa

106 2696 280 2786 vocularum
300 2692 346 2774 ὥς
364 2706 395 2763 et
412 2698 467 2763 καὶ
484 2695 714 2782 permutatione
731 2705 824 2761 natus
843 2707 900 2761 est.
