2859 4909
273 399 339 465 214
700 404 890 478 usurus.

275 544 372 638 άρασ’
392 544 526 637 ἀφῄρει,
551 548 675 613 sublata
691 571 788 612 manu
809 548 904 613 ollam
925 546 1120 612 subtracturo
1143 554 1217 609 crat.
1258 538 1304 604 Ac

275 653 353 741 legit
373 652 419 718 ita
441 651 625 729 scholiasta,
654 647 789 717 ἐκτείνει
810 646 869 736 τὴν
888 660 984 738 χεῖρα
1003 645 1088 716 κατὰ
1109 652 1169 735 τῆς
1194 643 1307 730 χύτρας

275 755 331 824 ἵνα
346 755 463 840 μηδεὶς
480 749 581 842 αὐτὴν
599 753 707 839 λάβοι.
753 749 774 841 ἢ
793 751 943 834 ἐξέτεινε·
975 753 1032 818 καὶ
1047 750 1237 839 Μένανδρος
1253 745 1307 828 ἐξ·

277 858 446 948 άραντες
469 854 776 944 ἐπικροτήσατε.

733 1008 783 1065 Vs.
803 1009 863 1064 695.

454 1108 555 1182 ἔπειτ’
572 1110 687 1201 ἐπειδὴ
705 1110 827 1198 μεστὸς
844 1102 898 1200 ἦν,
918 1108 1142 1201 ἀνεπαυόμην.

343 1237 429 1304 Mira
446 1235 596 1302 varietate
613 1234 725 1321 optimi
743 1222 870 1301 cbdices
886 1232 968 1300 Rev.
983 1243 1015 1300 et
1027 1234 1111 1300 Veu.
1131 1228 1312 1300 ἀνεπαλλό-

279 1365 351 1429 μην,
371 1349 404 1406 at
416 1339 500 1407 Veu.
513 1351 676 1426 praeterea
692 1361 743 1426 μρ.
763 1331 984 1424 ἀνεπαυόμην.
1019 1336 1154 1424 Recepit
1174 1331 1312 1403 ἀνεπαλ-

279 1443 382 1531 λόμην
395 1442 569 1531 Bergkius3
588 1440 675 1528 atqui
689 1440 796 1521 Cario,
811 1441 867 1526 qui
879 1463 924 1508 vs.
935 1441 1009 1508 638.
1024 1451 1214 1518 surrexerat,
1232 1457 1312 1503 nuno
1336 1450 1343 1462 ·
1412 1445 1413 1460 ¹

280 1545 351 1613 cibo
367 1545 507 1633 repletus
520 1568 632 1612 rursus
644 1544 810 1630 requievit.
854 1543 973 1610 Paucis
986 1544 1131 1611 versibus
1146 1539 1312 1611 interiectis

279 1659 364 1715 recte
381 1648 542 1735 Bergkius
559 1644 831 1736 όπερηρυθρλασε
850 1648 974 1735 scripsit
990 1669 1048 1734 pro
1071 1644 1312 1736 όπηρυθρίασε.

282 1751 362 1818 Rav.
383 1747 623 1838 ύπερυθρλασε.

734 1902 783 1958 Vs.
803 1903 862 1957 704.

282 2019 343 2077 [Ὺ.
367 2004 467 2088 αὐτὸς
486 2004 518 2075 δ’
535 2006 672 2090 ἐκεῖνοςς
712 2017 809 2076 ΚΑΡ.
834 2004 871 2076 ού
888 2004 937 2092 μὰ
954 2003 1009 2076 Δί’
1026 2002 1099 2074 οὐδ’
1116 2006 1312 2097 ἐφρόντισα.
1414 1987 1415 2018 ¹

346 2130 436 2197 Beue
454 2129 532 2196 vidit
549 2128 719 2216 Adelphus
737 2129 777 2196 de
795 2128 915 2196 Velsen
931 2128 1010 2195 haec
1029 2128 1076 2196 sic
1093 2125 1314 2217 distinguenda

282 2256 354 2302 esse
373 2229 473 2314 αὐτὸς
491 2230 522 2300 δ’
539 2230 660 2312 ἐκεῖνος
678 2226 735 2316 σός
765 2240 863 2300 ΚΑΡ.
889 2228 937 2317 μὰ
954 2227 1009 2299 Δί’
1026 2226 1098 2298 οὐδ’
1115 2229 1311 2322 ἐφρόντισεν.

735 2401 785 2457 Vs.
805 2401 864 2456 tut.

754 2506 772 2574 ὃ
793 2508 829 2574 ἀὲ
846 2505 1011 2594 κεκραγὼς
1027 2509 1083 2574 καὶ
1098 2512 1188 2593 βοῶν

415 2607 522 2701 ἔφευγ’
539 2608 675 2700 ἀνᾴξας·
703 2606 722 2678 ό
741 2610 778 2678 tt
796 2607 879 2690 θεὸς
896 2610 1037 2697 γελάσας
1056 2608 1118 2698 ἔφη
1138 2649 1180 2659 -
1299 2665 1304 2673 .
1416 2639 1417 2654 ¹

349 2731 463 2797 Risum
480 2732 532 2797 dei
549 2730 590 2797 ab
608 2731 755 2798 hocloco
773 2731 909 2797 alienum
927 2741 1014 2819 puto,
1033 2730 1089 2798 ubi
1101 2731 1220 2816 aliquid
1232 2753 1315 2797 com·

285 2843 493 2899 memoratum
516 2833 735 2919 expectabam,
758 2856 822 2919 quo
839 2834 1007 2901 Neoclides
1029 2858 1050 2900 a
1070 2834 1149 2922 fuga
1165 2844 1312 2901 retractus

284 2936 389 3002 fuerit
435 2934 542 3019 Quare
568 2937 713 3024 suspicor
738 2947 866 3025 poetam
893 2938 1058 3024 scripsisse
1086 2933 1164 3005 όδὲ
1183 2937 1266 3017 θεός
1286 2930 1311 3024 y’

287 3038 408 3119 ἐλάσας
430 3036 504 3128 ἔφη.
548 3037 712 3108 Percussit
739 3041 899 3107 hominem
925 3040 1053 3120 baculo,
1082 3042 1168 3125 quod
1193 3050 1313 3128 gestare

286 3144 408 3212 solebat
425 3142 650 3231 Aesculapius,
668 3153 704 3209 ut
721 3167 794 3210 eum
812 3167 832 3210 a
849 3143 927 3232 fuga
943 3153 1116 3211 revocaret.

737 3312 787 3369 Vs.
807 3313 866 3368 727.

433 3416 517 3504 μετὰ
534 3423 632 3485 τοῦτο
650 3423 698 3505 τῷ
715 3418 889 3486 Πλούτωνι
906 3417 1163 3507 παρεκαθέζετο.

350 3539 423 3606 Non
445 3538 594 3606 credibile
616 3547 666 3605 est
686 3538 864 3605 Plutonem*
877 3539 938 3605 hoc
960 3562 1024 3605 uno
1040 3538 1111 3605 loco
1128 3541 1316 3626 appellatum

287 3665 373 3721 esse,
397 3665 492 3728 quem
515 3653 696 3710 constanter
716 3652 811 3728 poeta
832 3664 889 3729 per
910 3653 1008 3708 totam
1029 3641 1172 3708 fabulam
1189 3642 1316 3710 Plutum

287 3745 434 3831 appellat.
479 3746 520 3812 Id
540 3746 595 3831 qui
616 3745 687 3812 ioco
708 3745 844 3830 lusuque
866 3745 985 3824 factum
1008 3766 1079 3811 esse
1100 3756 1208 3812 narrat
1230 3748 1317 3815 scho-

287 3846 394 3927 liasta,
418 3870 481 3931 qua
503 3849 537 3914 in
557 3872 592 3915 re
614 3851 704 3915 iocus
726 3848 780 3914 ille
801 3848 954 3933 lususque
977 3857 1122 3914 cernatur
1143 3870 1209 3915 uon
1232 3850 1316 3916 dixit.

287 3946 360 4013 Non
381 3948 590 4015 dubitandum
613 3951 739 4018 videtur
759 3952 835 4036 quin
852 3951 941 4017 locus
959 3950 1078 4035 aliquid
1095 3950 1164 4017 vitii
1182 3953 1317 4031 traxerit,

287 4071 391 4136 neque
407 4050 614 4137 improbabile
633 4065 682 4119 est
700 4054 865 4141 scripsisse
878 4064 1004 4140 poetam
1017 4052 1156 4141 Πλούτῳ
1168 4049 1221 4121 ’'cs
1234 4080 1320 4141 παρ·

244 4203 249 4209 -
289 4151 479 4236 εκαθέζετο,
506 4154 527 4219 i.
551 4176 578 4221 e.
606 4156 746 4243 Πλούτῳ
774 4154 837 4238 ότι,
860 4168 934 4244 post
959 4158 1091 4243 reliquos
1113 4160 1206 4223 ούονα
1227 4159 1318 4224 Pluto

288 4259 451 4325 σεεύόιόσλ.
