<?xml version="1.0" encoding="UTF-8"?>
<!DOCTYPE html PUBLIC "-//W3C//DTD XHTML 1.0 Transitional//EN"
    "http://www.w3.org/TR/xhtml1/DTD/xhtml1-transitional.dtd">
<html xmlns="http://www.w3.org/1999/xhtml" xml:lang="en" lang="en">
 <head>
  <title>
</title>
<meta http-equiv="Content-Type" content="text/html;charset=utf-8" />
  <meta name='ocr-system' content='tesseract 3.04.00' />
  <meta name='ocr-capabilities' content='ocr_page ocr_carea ocr_par ocr_line ocrx_word'/>
</head>
<body>
  <div class='ocr_page' id='page_1' title='image "./vindiciarumaris00meingoog_0088.png"; bbox 0 0 2859 4909; ppageno 0'>
   <div class='ocr_carea' id='block_1_1' title="bbox 571 1097 909 1184">
    <p class='ocr_par' dir='ltr' id='par_1_1' title="bbox 571 1097 909 1184">
     <span class='ocr_line' id='line_1_1' title="bbox 571 1097 909 1184; baseline -0.036 0"><span class='ocrx_word' id='word_1_1' title='bbox 571 1097 909 1184; x_wconf 44' lang='lat' dir='ltr'>wNUBES.</span> 
     </span>
    </p>
   </div>
   <div class='ocr_carea' id='block_1_2' title="bbox 712 1367 825 1424">
    <p class='ocr_par' dir='ltr' id='par_1_2' title="bbox 712 1367 825 1424">
     <span class='ocr_line' id='line_1_2' title="bbox 712 1367 825 1424; baseline -0.027 0"><span class='ocrx_word' id='word_1_2' title='bbox 712 1367 763 1424; x_wconf 87' lang='lat' dir='ltr'>Vs.</span> <span class='ocrx_word' id='word_1_3' title='bbox 780 1367 825 1422; x_wconf 76' lang='lat'>28.</span> 
     </span>
    </p>
   </div>
   <div class='ocr_carea' id='block_1_3' title="bbox 403 1487 1105 1579">
    <p class='ocr_par' dir='ltr' id='par_1_3' title="bbox 403 1487 1105 1579">
     <span class='ocr_line' id='line_1_3' title="bbox 403 1487 1105 1579; baseline -0.004 -19"><span class='ocrx_word' id='word_1_4' title='bbox 403 1492 531 1571; x_wconf 86' lang='grc' dir='ltr'><em>πόσους</em></span> <span class='ocrx_word' id='word_1_5' title='bbox 549 1490 692 1579; x_wconf 78' lang='grc' dir='ltr'><em>δρόμους</em></span> <span class='ocrx_word' id='word_1_6' title='bbox 711 1487 769 1579; x_wconf 70' lang='grc' dir='ltr'>ἐλᾷ</span> <span class='ocrx_word' id='word_1_7' title='bbox 786 1487 828 1555; x_wconf 84' lang='grc' dir='ltr'>τὰ</span> <span class='ocrx_word' id='word_1_8' title='bbox 846 1490 1105 1579; x_wconf 69' lang='grc' dir='ltr'><em>πολεμιστήριος</em></span> 
     </span>
    </p>
   </div>
   <div class='ocr_carea' id='block_1_4' title="bbox 251 1625 1295 2341">
    <p class='ocr_par' dir='ltr' id='par_1_4' title="bbox 251 1625 1295 2341">
     <span class='ocr_line' id='line_1_4' title="bbox 317 1625 1295 1718; baseline -0.002 -19"><span class='ocrx_word' id='word_1_9' title='bbox 317 1633 388 1700; x_wconf 90' lang='lat' dir='ltr'>Non</span> <span class='ocrx_word' id='word_1_10' title='bbox 402 1654 482 1718; x_wconf 91' lang='lat' dir='ltr'>opus</span> <span class='ocrx_word' id='word_1_11' title='bbox 497 1638 593 1695; x_wconf 89' lang='lat' dir='ltr'>estut</span> <span class='ocrx_word' id='word_1_12' title='bbox 608 1628 762 1694; x_wconf 81' lang='lat' dir='ltr'>scribatur</span> <span class='ocrx_word' id='word_1_13' title='bbox 777 1625 861 1716; x_wconf 74' lang='grc' dir='ltr'><em>ἐλᾷς,</em></span> <span class='ocrx_word' id='word_1_14' title='bbox 877 1650 979 1713; x_wconf 91' lang='lat' dir='ltr'>neque</span> <span class='ocrx_word' id='word_1_15' title='bbox 993 1651 1078 1708; x_wconf 85' lang='lat' dir='ltr'>vero,</span> <span class='ocrx_word' id='word_1_16' title='bbox 1091 1641 1127 1694; x_wconf 92' lang='lat' dir='ltr'>ut</span> <span class='ocrx_word' id='word_1_17' title='bbox 1139 1629 1295 1697; x_wconf 85' lang='lat' dir='ltr'>Kookius</span> 
     </span>
     <span class='ocr_line' id='line_1_5' title="bbox 252 1731 1294 1822; baseline -0.002 -20"><span class='ocrx_word' id='word_1_18' title='bbox 252 1737 366 1815; x_wconf 83' lang='lat' dir='ltr'>voluit,</span> <span class='ocrx_word' id='word_1_19' title='bbox 400 1732 458 1822; x_wconf 76' lang='grc' dir='ltr'>ἐλᾷ</span> <span class='ocrx_word' id='word_1_20' title='bbox 484 1733 524 1798; x_wconf 89' lang='lat' dir='ltr'>ad</span> <span class='ocrx_word' id='word_1_21' title='bbox 550 1731 718 1798; x_wconf 86' lang='lat' dir='ltr'>Philonem</span> <span class='ocrx_word' id='word_1_22' title='bbox 744 1731 944 1797; x_wconf 82' lang='lat' dir='ltr'>referendum</span> <span class='ocrx_word' id='word_1_23' title='bbox 971 1742 1028 1798; x_wconf 88' lang='lat' dir='ltr'>est.</span> <span class='ocrx_word' id='word_1_24' title='bbox 1073 1733 1200 1799; x_wconf 85' lang='lat' dir='ltr'>Novum</span> <span class='ocrx_word' id='word_1_25' title='bbox 1224 1734 1294 1801; x_wconf 87' lang='lat' dir='ltr'>hoo</span> 
     </span>
     <span class='ocr_line' id='line_1_6' title="bbox 252 1835 1294 1926; baseline -0.002 -21"><span class='ocrx_word' id='word_1_26' title='bbox 252 1837 454 1926; x_wconf 88' lang='lat' dir='ltr'>Phidippidis</span> <span class='ocrx_word' id='word_1_27' title='bbox 473 1835 629 1903; x_wconf 89' lang='lat' dir='ltr'>somnium</span> <span class='ocrx_word' id='word_1_28' title='bbox 649 1844 706 1913; x_wconf 89' lang='lat' dir='ltr'>est,</span> <span class='ocrx_word' id='word_1_29' title='bbox 725 1858 789 1900; x_wconf 92' lang='lat' dir='ltr'>non</span> <span class='ocrx_word' id='word_1_30' title='bbox 808 1835 999 1902; x_wconf 81' lang='lat' dir='ltr'>continuatio</span> <span class='ocrx_word' id='word_1_31' title='bbox 1014 1837 1195 1924; x_wconf 87' lang='lat' dir='ltr'>superioris,</span> <span class='ocrx_word' id='word_1_32' title='bbox 1214 1861 1294 1904; x_wconf 89' lang='lat' dir='ltr'>sen-</span> 
     </span>
     <span class='ocr_line' id='line_1_7' title="bbox 254 1938 1292 2028; baseline -0.001 -19"><span class='ocrx_word' id='word_1_33' title='bbox 254 1964 372 2027; x_wconf 86' lang='lat' dir='ltr'>susque</span> <span class='ocrx_word' id='word_1_34' title='bbox 390 1939 642 2027; x_wconf 88' lang='lat' dir='ltr'>simplioissimus</span> <span class='ocrx_word' id='word_1_35' title='bbox 659 1938 712 2006; x_wconf 90' lang='lat' dir='ltr'>hio</span> <span class='ocrx_word' id='word_1_36' title='bbox 731 1948 792 2005; x_wconf 91' lang='lat' dir='ltr'>est:</span> <span class='ocrx_word' id='word_1_37' title='bbox 815 1949 892 2023; x_wconf 89' lang='lat' dir='ltr'>quot</span> <span class='ocrx_word' id='word_1_38' title='bbox 910 1962 1005 2026; x_wconf 81' lang='lat' dir='ltr'>gyros</span> <span class='ocrx_word' id='word_1_39' title='bbox 1024 1939 1198 2028; x_wconf 85' lang='lat' dir='ltr'>agitabunt,</span> <span class='ocrx_word' id='word_1_40' title='bbox 1218 1942 1292 2008; x_wconf 90' lang='lat' dir='ltr'>sive</span> 
     </span>
     <span class='ocr_line' id='line_1_8' title="bbox 253 2030 1294 2132; baseline 0 -21"><span class='ocrx_word' id='word_1_41' title='bbox 253 2056 331 2132; x_wconf 89' lang='lat' dir='ltr'>quot</span> <span class='ocrx_word' id='word_1_42' title='bbox 354 2043 499 2110; x_wconf 80' lang='lat' dir='ltr'>cursibus</span> <span class='ocrx_word' id='word_1_43' title='bbox 523 2030 727 2108; x_wconf 79' lang='lat' dir='ltr'>decertabant</span> <span class='ocrx_word' id='word_1_44' title='bbox 750 2042 912 2127; x_wconf 87' lang='lat' dir='ltr'>utriusque</span> <span class='ocrx_word' id='word_1_45' title='bbox 935 2051 1077 2109; x_wconf 86' lang='lat' dir='ltr'>nostrum</span> <span class='ocrx_word' id='word_1_46' title='bbox 1095 2045 1294 2132; x_wconf 84' lang='lat' dir='ltr'>quadrigae?</span> 
     </span>
     <span class='ocr_line' id='line_1_9' title="bbox 252 2138 1293 2236; baseline 0.002 -21"><span class='ocrx_word' id='word_1_47' title='bbox 252 2150 308 2215; x_wconf 84' lang='lat' dir='ltr'>Ad</span> <span class='ocrx_word' id='word_1_48' title='bbox 326 2145 568 2234; x_wconf 79' lang='grc' dir='ltr'><em>πολεμιστήρια</em></span> <span class='ocrx_word' id='word_1_49' title='bbox 585 2156 690 2211; x_wconf 90' lang='lat' dir='ltr'>utrum</span> <span class='ocrx_word' id='word_1_50' title='bbox 706 2138 839 2229; x_wconf 73' lang='grc' dir='ltr'><em>ἅρματα</em></span> <span class='ocrx_word' id='word_1_51' title='bbox 854 2169 895 2210; x_wconf 89' lang='lat' dir='ltr'>an</span> <span class='ocrx_word' id='word_1_52' title='bbox 909 2140 1122 2232; x_wconf 76' lang='grc' dir='ltr'><em>ἀγωνίσματα</em></span> <span class='ocrx_word' id='word_1_53' title='bbox 1136 2148 1293 2236; x_wconf 80' lang='lat' dir='ltr'>suppleas</span> 
     </span>
     <span class='ocr_line' id='line_1_10' title="bbox 251 2235 1151 2341; baseline -0.004 -21"><span class='ocrx_word' id='word_1_54' title='bbox 251 2252 382 2341; x_wconf 88' lang='lat' dir='ltr'>perinde</span> <span class='ocrx_word' id='word_1_55' title='bbox 400 2260 458 2329; x_wconf 86' lang='lat' dir='ltr'>est,</span> <span class='ocrx_word' id='word_1_56' title='bbox 476 2249 584 2315; x_wconf 89' lang='lat' dir='ltr'>malim</span> <span class='ocrx_word' id='word_1_57' title='bbox 601 2259 707 2315; x_wconf 87' lang='lat' dir='ltr'>tamen</span> <span class='ocrx_word' id='word_1_58' title='bbox 727 2242 858 2335; x_wconf 73' lang='lat' dir='ltr'>dippeus</span> <span class='ocrx_word' id='word_1_59' title='bbox 867 2235 1002 2336; x_wconf 47' lang='lat' dir='ltr'>&#39;propter</span> <span class='ocrx_word' id='word_1_60' title='bbox 1020 2248 1088 2339; x_wconf 76' lang='grc' dir='ltr'>ἐλᾷ.</span> <span class='ocrx_word' id='word_1_61' title='bbox 1150 2291 1151 2295; x_wconf 62' lang='lat'><em>=</em></span> 
     </span>
    </p>
   </div>
   <div class='ocr_carea' id='block_1_5' title="bbox 712 2468 824 2525">
    <p class='ocr_par' dir='ltr' id='par_1_5' title="bbox 712 2468 824 2525">
     <span class='ocr_line' id='line_1_11' title="bbox 712 2468 824 2525; baseline -0.009 0"><span class='ocrx_word' id='word_1_62' title='bbox 712 2468 762 2525; x_wconf 89' lang='lat' dir='ltr'>Vs.</span> <span class='ocrx_word' id='word_1_63' title='bbox 782 2470 824 2525; x_wconf 75' lang='lat'>75.</span> 
     </span>
    </p>
   </div>
   <div class='ocr_carea' id='block_1_6' title="bbox 380 2584 1138 2787">
    <p class='ocr_par' dir='ltr' id='par_1_6' title="bbox 380 2584 1138 2787">
     <span class='ocr_line' id='line_1_12' title="bbox 382 2584 1138 2681; baseline -0.003 -19"><span class='ocrx_word' id='word_1_64' title='bbox 382 2600 437 2662; x_wconf 78' lang='grc' dir='ltr'>νῦν</span> <span class='ocrx_word' id='word_1_65' title='bbox 456 2584 511 2660; x_wconf 76' lang='grc' dir='ltr'>οὗν</span> <span class='ocrx_word' id='word_1_66' title='bbox 530 2587 608 2680; x_wconf 81' lang='grc' dir='ltr'><em>ὅλην</em></span> <span class='ocrx_word' id='word_1_67' title='bbox 624 2589 682 2679; x_wconf 77' lang='grc' dir='ltr'>τὴν</span> <span class='ocrx_word' id='word_1_68' title='bbox 700 2592 798 2658; x_wconf 80' lang='grc' dir='ltr'><em>νύκτα</em></span> <span class='ocrx_word' id='word_1_69' title='bbox 817 2592 996 2681; x_wconf 77' lang='grc' dir='ltr'><em>φροντίζων</em></span> <span class='ocrx_word' id='word_1_70' title='bbox 1015 2591 1105 2673; x_wconf 80' lang='grc' dir='ltr'><em>ὁδοῦ,</em></span> <span class='ocrx_word' id='word_1_71' title='bbox 1134 2587 1138 2592; x_wconf 54' lang='grc'><strong>’</strong></span> 
     </span>
     <span class='ocr_line' id='line_1_13' title="bbox 380 2686 1125 2787; baseline 0.003 -23"><span class='ocrx_word' id='word_1_72' title='bbox 380 2703 460 2781; x_wconf 92' lang='grc' dir='ltr'><em>μίαν</em></span> <span class='ocrx_word' id='word_1_73' title='bbox 478 2686 572 2786; x_wconf 84' lang='grc' dir='ltr'><em>εὗρον</em></span> <span class='ocrx_word' id='word_1_74' title='bbox 592 2691 743 2784; x_wconf 78' lang='grc' dir='ltr'><em>ἀτραπὸν</em></span> <span class='ocrx_word' id='word_1_75' title='bbox 763 2695 942 2779; x_wconf 76' lang='grc' dir='ltr'><em>δαιμονίως</em></span> <span class='ocrx_word' id='word_1_76' title='bbox 959 2692 1125 2787; x_wconf 78' lang='grc' dir='ltr'><strong><em>ὑπερφυᾶ.</em></strong></span> 
     </span>
    </p>
   </div>
   <div class='ocr_carea' id='block_1_7' title="bbox 251 2825 1324 4059">
    <p class='ocr_par' dir='ltr' id='par_1_7' title="bbox 251 2825 1324 4059">
     <span class='ocr_line' id='line_1_14' title="bbox 318 2825 1293 2922; baseline 0.008 -22"><span class='ocrx_word' id='word_1_77' title='bbox 318 2835 432 2913; x_wconf 87' lang='lat' dir='ltr'>Recte,</span> <span class='ocrx_word' id='word_1_78' title='bbox 458 2825 582 2921; x_wconf 80' lang='lat' dir='ltr'>bpinor,</span> <span class='ocrx_word' id='word_1_79' title='bbox 606 2827 812 2898; x_wconf 83' lang='lat' dir='ltr'>Hermannus</span> <span class='ocrx_word' id='word_1_80' title='bbox 835 2857 943 2900; x_wconf 90' lang='lat' dir='ltr'>eorum</span> <span class='ocrx_word' id='word_1_81' title='bbox 967 2836 1144 2921; x_wconf 89' lang='lat' dir='ltr'>opinionem</span> <span class='ocrx_word' id='word_1_82' title='bbox 1167 2840 1293 2922; x_wconf 80' lang='lat' dir='ltr'>reiecit,</span> 
     </span>
     <span class='ocr_line' id='line_1_15' title="bbox 253 2933 1324 3028; baseline 0.007 -24"><span class='ocrx_word' id='word_1_83' title='bbox 253 2941 307 3024; x_wconf 92' lang='lat' dir='ltr'>qui</span> <span class='ocrx_word' id='word_1_84' title='bbox 323 2934 402 3005; x_wconf 77' lang='grc' dir='ltr'><em>ὁδοῦ</em></span> <span class='ocrx_word' id='word_1_85' title='bbox 416 2961 489 3003; x_wconf 86' lang='lat' dir='ltr'>curn</span> <span class='ocrx_word' id='word_1_86' title='bbox 505 2933 654 3027; x_wconf 77' lang='grc' dir='ltr'><em>ἀτραπὸν</em></span> <span class='ocrx_word' id='word_1_87' title='bbox 669 2937 818 3024; x_wconf 80' lang='lat' dir='ltr'>coniungi</span> <span class='ocrx_word' id='word_1_88' title='bbox 836 2937 1011 3016; x_wconf 85' lang='lat' dir='ltr'>voluerunt,</span> <span class='ocrx_word' id='word_1_89' title='bbox 1029 2962 1088 3005; x_wconf 89' lang='lat' dir='ltr'>neo</span> <span class='ocrx_word' id='word_1_90' title='bbox 1101 2964 1176 3007; x_wconf 85' lang='lat' dir='ltr'>vero</span> <span class='ocrx_word' id='word_1_91' title='bbox 1191 2966 1290 3028; x_wconf 90' lang='lat' dir='ltr'>quam</span> <span class='ocrx_word' id='word_1_92' title='bbox 1319 2939 1324 2947; x_wconf 74' lang='grc'><strong>’</strong></span> 
     </span>
     <span class='ocr_line' id='line_1_16' title="bbox 252 3041 1293 3132; baseline 0.008 -25"><span class='ocrx_word' id='word_1_93' title='bbox 252 3043 321 3129; x_wconf 90' lang='lat' dir='ltr'>ipse</span> <span class='ocrx_word' id='word_1_94' title='bbox 341 3042 481 3125; x_wconf 86' lang='lat' dir='ltr'>sequitur</span> <span class='ocrx_word' id='word_1_95' title='bbox 498 3042 713 3126; x_wconf 87' lang='lat' dir='ltr'>interpretatio</span> <span class='ocrx_word' id='word_1_96' title='bbox 732 3041 808 3106; x_wconf 88' lang='lat' dir='ltr'>satis</span> <span class='ocrx_word' id='word_1_97' title='bbox 827 3041 991 3107; x_wconf 89' lang='lat' dir='ltr'>commode</span> <span class='ocrx_word' id='word_1_98' title='bbox 1005 3044 1155 3129; x_wconf 88' lang='lat' dir='ltr'>procedit.</span> <span class='ocrx_word' id='word_1_99' title='bbox 1193 3046 1293 3132; x_wconf 81' lang='lat' dir='ltr'>Quae</span> 
     </span>
     <span class='ocr_line' id='line_1_17' title="bbox 253 3141 1293 3231; baseline 0.007 -20"><span class='ocrx_word' id='word_1_100' title='bbox 253 3145 337 3212; x_wconf 90' lang='lat' dir='ltr'>enim</span> <span class='ocrx_word' id='word_1_101' title='bbox 355 3156 405 3210; x_wconf 91' lang='lat' dir='ltr'>est</span> <span class='ocrx_word' id='word_1_102' title='bbox 421 3144 475 3209; x_wconf 88' lang='lat' dir='ltr'>illa</span> <span class='ocrx_word' id='word_1_103' title='bbox 492 3144 558 3222; x_wconf 83' lang='lat' dir='ltr'>via,</span> <span class='ocrx_word' id='word_1_104' title='bbox 582 3167 677 3228; x_wconf 89' lang='lat' dir='ltr'>quam</span> <span class='ocrx_word' id='word_1_105' title='bbox 697 3141 897 3229; x_wconf 86' lang='lat' dir='ltr'>Strepsiades</span> <span class='ocrx_word' id='word_1_106' title='bbox 920 3153 1016 3211; x_wconf 86' lang='lat' dir='ltr'>totam</span> <span class='ocrx_word' id='word_1_107' title='bbox 1035 3168 1093 3231; x_wconf 92' lang='lat' dir='ltr'>per</span> <span class='ocrx_word' id='word_1_108' title='bbox 1108 3158 1233 3214; x_wconf 86' lang='lat' dir='ltr'>noctem</span> <span class='ocrx_word' id='word_1_109' title='bbox 1254 3175 1293 3218; x_wconf 90' lang='lat' dir='ltr'>se</span> 
     </span>
     <span class='ocr_line' id='line_1_18' title="bbox 253 3247 1293 3342; baseline 0.005 -27"><span class='ocrx_word' id='word_1_110' title='bbox 253 3248 515 3342; x_wconf 82' lang='lat' dir='ltr'>circumspexisse</span> <span class='ocrx_word' id='word_1_111' title='bbox 542 3247 636 3312; x_wconf 82' lang='lat' dir='ltr'>dicit?</span> <span class='ocrx_word' id='word_1_112' title='bbox 666 3269 736 3312; x_wconf 91' lang='lat' dir='ltr'>eam</span> <span class='ocrx_word' id='word_1_113' title='bbox 763 3247 863 3325; x_wconf 91' lang='lat' dir='ltr'>dices,</span> <span class='ocrx_word' id='word_1_114' title='bbox 896 3270 991 3332; x_wconf 87' lang='lat' dir='ltr'>quam</span> <span class='ocrx_word' id='word_1_115' title='bbox 1024 3259 1132 3315; x_wconf 89' lang='lat' dir='ltr'>secuto</span> <span class='ocrx_word' id='word_1_116' title='bbox 1163 3274 1204 3316; x_wconf 85' lang='lat' dir='ltr'>ex</span> <span class='ocrx_word' id='word_1_117' title='bbox 1235 3254 1293 3321; x_wconf 87' lang='lat' dir='ltr'>his</span> 
     </span>
     <span class='ocr_line' id='line_1_19' title="bbox 252 3349 1292 3439; baseline 0.005 -21"><span class='ocrx_word' id='word_1_118' title='bbox 252 3353 387 3419; x_wconf 87' lang='lat' dir='ltr'>miseriis</span> <span class='ocrx_word' id='word_1_119' title='bbox 406 3374 566 3439; x_wconf 84' lang='lat' dir='ltr'>emergere</span> <span class='ocrx_word' id='word_1_120' title='bbox 584 3351 683 3415; x_wconf 87' lang='lat' dir='ltr'>detur.</span> <span class='ocrx_word' id='word_1_121' title='bbox 728 3349 830 3435; x_wconf 88' lang='lat' dir='ltr'>Atqui</span> <span class='ocrx_word' id='word_1_122' title='bbox 851 3351 884 3415; x_wconf 89' lang='lat' dir='ltr'>id</span> <span class='ocrx_word' id='word_1_123' title='bbox 902 3351 1017 3416; x_wconf 89' lang='lat' dir='ltr'>diserte</span> <span class='ocrx_word' id='word_1_124' title='bbox 1035 3352 1116 3418; x_wconf 85' lang='lat' dir='ltr'>adici</span> <span class='ocrx_word' id='word_1_125' title='bbox 1134 3354 1273 3422; x_wconf 89' lang='lat' dir='ltr'>debebat</span> <span class='ocrx_word' id='word_1_126' title='bbox 1279 3384 1292 3437; x_wconf 67' lang='grc' dir='ltr'><em>ς</em></span> 
     </span>
     <span class='ocr_line' id='line_1_20' title="bbox 252 3454 1291 3541; baseline 0.003 -19"><span class='ocrx_word' id='word_1_127' title='bbox 252 3456 337 3541; x_wconf 93' lang='lat' dir='ltr'>quod</span> <span class='ocrx_word' id='word_1_128' title='bbox 358 3479 433 3522; x_wconf 91' lang='lat' dir='ltr'>vero</span> <span class='ocrx_word' id='word_1_129' title='bbox 457 3478 541 3520; x_wconf 91' lang='lat' dir='ltr'>nuno</span> <span class='ocrx_word' id='word_1_130' title='bbox 562 3454 691 3541; x_wconf 85' lang='lat' dir='ltr'>legitur,</span> <span class='ocrx_word' id='word_1_131' title='bbox 714 3457 778 3519; x_wconf 85' lang='lat' dir='ltr'>nori</span> <span class='ocrx_word' id='word_1_132' title='bbox 800 3454 916 3519; x_wconf 88' lang='lat' dir='ltr'>rectius</span> <span class='ocrx_word' id='word_1_133' title='bbox 939 3454 1058 3519; x_wconf 88' lang='lat' dir='ltr'>dictum</span> <span class='ocrx_word' id='word_1_134' title='bbox 1077 3466 1125 3521; x_wconf 88' lang='lat' dir='ltr'>est</span> <span class='ocrx_word' id='word_1_135' title='bbox 1142 3479 1239 3540; x_wconf 89' lang='lat' dir='ltr'>quarn</span> <span class='ocrx_word' id='word_1_136' title='bbox 1261 3462 1291 3527; x_wconf 87' lang='lat' dir='ltr'>si</span> 
     </span>
     <span class='ocr_line' id='line_1_21' title="bbox 252 3557 1289 3646; baseline 0.003 -21"><span class='ocrx_word' id='word_1_137' title='bbox 252 3560 430 3646; x_wconf 86' lang='lat' dir='ltr'>germanice</span> <span class='ocrx_word' id='word_1_138' title='bbox 448 3559 551 3637; x_wconf 89' lang='lat' dir='ltr'>dicas,</span> <span class='ocrx_word' id='word_1_139' title='bbox 573 3558 635 3622; x_wconf 83' lang='lat' dir='ltr'>ich</span> <span class='ocrx_word' id='word_1_140' title='bbox 657 3557 790 3623; x_wconf 90' lang='lat' dir='ltr'>suchte</span> <span class='ocrx_word' id='word_1_141' title='bbox 808 3558 867 3623; x_wconf 91' lang='lat' dir='ltr'>die</span> <span class='ocrx_word' id='word_1_142' title='bbox 889 3581 1009 3644; x_wconf 84' lang='lat' dir='ltr'>ganza</span> <span class='ocrx_word' id='word_1_143' title='bbox 1031 3558 1153 3624; x_wconf 87' lang='lat' dir='ltr'>Naoht</span> <span class='ocrx_word' id='word_1_144' title='bbox 1176 3561 1289 3628; x_wconf 91' lang='lat' dir='ltr'>einen</span> 
     </span>
     <span class='ocr_line' id='line_1_22' title="bbox 251 3660 1293 3748; baseline 0.005 -21"><span class='ocrx_word' id='word_1_145' title='bbox 251 3661 362 3748; x_wconf 85' lang='lat' dir='ltr'>Weg,</span> <span class='ocrx_word' id='word_1_146' title='bbox 385 3684 443 3747; x_wconf 92' lang='lat' dir='ltr'>pro</span> <span class='ocrx_word' id='word_1_147' title='bbox 465 3685 503 3727; x_wconf 91' lang='lat' dir='ltr'>eo</span> <span class='ocrx_word' id='word_1_148' title='bbox 528 3661 612 3746; x_wconf 92' lang='lat' dir='ltr'>quod</span> <span class='ocrx_word' id='word_1_149' title='bbox 631 3685 709 3726; x_wconf 89' lang='lat' dir='ltr'>sana</span> <span class='ocrx_word' id='word_1_150' title='bbox 726 3662 805 3726; x_wconf 87' lang='lat' dir='ltr'>ratio</span> <span class='ocrx_word' id='word_1_151' title='bbox 823 3660 886 3726; x_wconf 89' lang='lat' dir='ltr'>dici</span> <span class='ocrx_word' id='word_1_152' title='bbox 902 3662 1041 3747; x_wconf 88' lang='lat' dir='ltr'>postulat</span> <span class='ocrx_word' id='word_1_153' title='bbox 1060 3663 1168 3728; x_wconf 91' lang='lat' dir='ltr'>einen</span> <span class='ocrx_word' id='word_1_154' title='bbox 1185 3665 1293 3732; x_wconf 86' lang='lat' dir='ltr'>Aus-</span> 
     </span>
     <span class='ocr_line' id='line_1_23' title="bbox 251 3763 1288 3853; baseline 0.007 -24"><span class='ocrx_word' id='word_1_155' title='bbox 251 3786 340 3850; x_wconf 84' lang='lat' dir='ltr'>weg.</span> <span class='ocrx_word' id='word_1_156' title='bbox 376 3763 472 3830; x_wconf 83' lang='lat' dir='ltr'>Hane</span> <span class='ocrx_word' id='word_1_157' title='bbox 485 3766 526 3832; x_wconf 93' lang='lat' dir='ltr'>ob</span> <span class='ocrx_word' id='word_1_158' title='bbox 540 3788 669 3831; x_wconf 86' lang='lat' dir='ltr'>oausam</span> <span class='ocrx_word' id='word_1_159' title='bbox 684 3763 868 3851; x_wconf 87' lang='lat' dir='ltr'>suspicabar</span> <span class='ocrx_word' id='word_1_160' title='bbox 882 3774 936 3829; x_wconf 91' lang='lat' dir='ltr'>aut</span> <span class='ocrx_word' id='word_1_161' title='bbox 950 3765 1105 3831; x_wconf 85' lang='lat' dir='ltr'>excidisse</span> <span class='ocrx_word' id='word_1_162' title='bbox 1119 3779 1190 3853; x_wconf 91' lang='lat' dir='ltr'>post</span> <span class='ocrx_word' id='word_1_163' title='bbox 1205 3765 1288 3836; x_wconf 79' lang='grc' dir='ltr'><em>ὁδοῦ</em></span> 
     </span>
     <span class='ocr_line' id='line_1_24' title="bbox 251 3864 1292 3959; baseline 0.008 -28"><span class='ocrx_word' id='word_1_164' title='bbox 251 3890 393 3944; x_wconf 88' lang='lat' dir='ltr'>versum,</span> <span class='ocrx_word' id='word_1_165' title='bbox 421 3868 510 3935; x_wconf 89' lang='lat' dir='ltr'>euius</span> <span class='ocrx_word' id='word_1_166' title='bbox 538 3868 617 3935; x_wconf 87' lang='lat' dir='ltr'>haec</span> <span class='ocrx_word' id='word_1_167' title='bbox 643 3869 738 3934; x_wconf 88' lang='lat' dir='ltr'>suerit</span> <span class='ocrx_word' id='word_1_168' title='bbox 765 3868 919 3933; x_wconf 85' lang='lat' dir='ltr'>sententia</span> <span class='ocrx_word' id='word_1_169' title='bbox 945 3866 985 3953; x_wconf 75' lang='grc' dir='ltr'>ἣν</span> <span class='ocrx_word' id='word_1_170' title='bbox 1012 3864 1053 3935; x_wconf 77' lang='lat' dir='ltr'>dv</span> <span class='ocrx_word' id='word_1_171' title='bbox 1078 3870 1292 3959; x_wconf 78' lang='grc' dir='ltr'><em>τραπόμενος</em></span> 
     </span>
     <span class='ocr_line' id='line_1_25' title="bbox 253 3968 1023 4059; baseline 0.003 -24"><span class='ocrx_word' id='word_1_172' title='bbox 253 3968 479 4059; x_wconf 59' lang='lat' dir='ltr'>{uastauerant</span> <span class='ocrx_word' id='word_1_173' title='bbox 496 3978 607 4053; x_wconf 79' lang='grc' dir='ltr'><em>κακοῦ,</em></span> <span class='ocrx_word' id='word_1_174' title='bbox 627 3984 681 4038; x_wconf 88' lang='lat' dir='ltr'>aut</span> <span class='ocrx_word' id='word_1_175' title='bbox 700 3972 864 4059; x_wconf 86' lang='lat' dir='ltr'>scripsisse</span> <span class='ocrx_word' id='word_1_176' title='bbox 883 3982 1023 4057; x_wconf 85' lang='lat' dir='ltr'>poetam:</span> 
     </span>
    </p>
   </div>
   <div class='ocr_carea' id='block_1_8' title="bbox 382 4099 1125 4303">
    <p class='ocr_par' dir='ltr' id='par_1_8' title="bbox 382 4099 1125 4303">
     <span class='ocr_line' id='line_1_26' title="bbox 382 4099 1107 4197; baseline 0.003 -22"><span class='ocrx_word' id='word_1_177' title='bbox 382 4114 438 4175; x_wconf 86' lang='grc' dir='ltr'>νῦν</span> <span class='ocrx_word' id='word_1_178' title='bbox 457 4099 513 4174; x_wconf 75' lang='grc' dir='ltr'>οὖν</span> <span class='ocrx_word' id='word_1_179' title='bbox 532 4103 609 4195; x_wconf 76' lang='grc' dir='ltr'><em>ὅλην</em></span> <span class='ocrx_word' id='word_1_180' title='bbox 625 4107 684 4196; x_wconf 72' lang='grc' dir='ltr'>τὴν</span> <span class='ocrx_word' id='word_1_181' title='bbox 700 4109 802 4176; x_wconf 81' lang='grc' dir='ltr'><em>νύκτα</em></span> <span class='ocrx_word' id='word_1_182' title='bbox 819 4109 1015 4197; x_wconf 83' lang='grc' dir='ltr'><em>φροντίζων,</em></span> <span class='ocrx_word' id='word_1_183' title='bbox 1036 4109 1107 4177; x_wconf 78' lang='grc' dir='ltr'><em>ἰδού</em></span> 
     </span>
     <span class='ocr_line' id='line_1_27' title="bbox 382 4200 1125 4303; baseline 0.004 -26"><span class='ocrx_word' id='word_1_184' title='bbox 382 4217 462 4296; x_wconf 88' lang='grc' dir='ltr'><em>μίαν</em></span> <span class='ocrx_word' id='word_1_185' title='bbox 480 4200 574 4301; x_wconf 84' lang='grc' dir='ltr'><em>εὗρον</em></span> <span class='ocrx_word' id='word_1_186' title='bbox 593 4207 743 4299; x_wconf 77' lang='grc' dir='ltr'><em>ἀτραπὸν</em></span> <span class='ocrx_word' id='word_1_187' title='bbox 762 4214 941 4298; x_wconf 75' lang='grc' dir='ltr'><em>δαιμονίους</em></span> <span class='ocrx_word' id='word_1_188' title='bbox 959 4209 1125 4303; x_wconf 78' lang='grc' dir='ltr'><em>ὑπερφυᾶ.</em></span> 
     </span>
    </p>
   </div>
   <div class='ocr_carea' id='block_1_9' title="bbox 0 0 1434 4909">
    <p class='ocr_par' dir='ltr' id='par_1_9' title="bbox 0 0 1434 4909">
     <span class='ocr_line' id='line_1_28' title="bbox 0 0 1434 4909; baseline 0 2"><span class='ocrx_word' id='word_1_189' title='bbox 0 0 1434 4909; x_wconf 95' lang='lat' dir='ltr'> </span> 
     </span>
    </p>
   </div>
  </div>
 </body>
</html>
