2859 4909
438 439 440 444 ι
530 361 690 419 niuis.
949 425 958 440 ‚
1069 351 1156 418 σε,

20 489 21 518 ¹
114 512 139 567 et
158 500 259 567 ordine
280 501 438 588 procedit:
465 499 648 588 Aeschylus
671 502 827 588 tragicum
855 502 969 568 solium
992 504 1134 585 tenebut3

20 669 21 686 η
114 605 356 691 quamprimum
383 614 490 670 nutem
511 604 684 691 Euripides
710 604 888 684 descendit,
915 606 1023 680 stetim
1049 608 1137 675 edito

114 707 176 773 ortis
200 706 386 793 specimine,
413 706 531 774 fiducia
556 707 659 774 elutus
685 708 855 795 capessivit
876 707 1034 776 thronum.
1077 711 1137 777 Ni-

112 811 211 875 mirum
237 811 383 887 Aeocus‚
414 809 578 876 Xanthiue
604 810 883 899 interrogationem
908 814 979 880 νυνὶ
1005 813 1042 881 δὲ
1067 818 1136 897 τίςς

112 913 178 978 nihil
197 936 326 992 curans,
355 912 389 978 in
410 922 524 999 coepta
545 914 685 980 oratione
706 914 825 1002 pergit,
852 938 983 1001 prorsus
1004 927 1041 982 ut
1060 917 1134 984 798.

115 1018 176 1083 800.
194 1017 268 1083 808.

553 1151 603 1209 Vs.
622 1151 683 1206 790.

269 1257 339 1323 νυνὶ
359 1252 391 1323 δ’
408 1253 553 1341 ἔμελλεν,
573 1253 619 1335 ὥς
637 1255 700 1345 ἔφη
719 1256 953 1346 Κλειδημίδης,
1041 1271 1045 1278 ’

271 1358 411 1448 ἐ’φεδρσς
427 1359 664 1427 καθεδεῖσθαι.
792 1414 797 1421 .

165 1462 216 1529 De
235 1462 415 1530 Clidemide
432 1462 511 1528 nihil
528 1473 662 1529 constat.
688 1461 798 1530 Verba
815 1475 922 1531 autem
940 1464 1136 1554 sicintelligi

29 1605 32 1614 ·
112 1567 207 1647 uideo,
228 1576 266 1632 nt
284 1565 479 1633 Clidemides
496 1564 576 1631 illud
594 1563 735 1656 ἔφεδρος
750 1567 962 1652 καθεδοῦμαι
979 1567 1137 1655 frequenti

113 1693 244 1742 sermone
273 1692 444 1756 usurpasse
468 1668 675 1736 existimetur.
722 1668 814 1753 Quae
841 1671 989 1738 affectatu
1015 1683 1064 1739 est
1088 1672 1138 1738 in-

113 1773 293 1862 terpretandi
311 1773 402 1839 ratio.
450 1769 573 1859 Scripsi
590 1781 712 1839 mutatu
728 1773 994 1862 interpunctione:

270 1877 340 1943 νυνί
359 1870 390 1942 δ’
407 1873 552 1959 ἔμελλεν,
571 1872 617 1955 ὡς
636 1873 714 1964 ἔφη,
733 1877 953 1966 Κλειδημίδης

273 1977 413 2067 ἔφεδρος
429 1978 666 2045 καθεδεῖσθαι.

109 2083 163 2150 hoo
183 2106 292 2150 sensu:
320 2105 405 2149 nunc
426 2092 546 2160 autem,
574 2092 609 2147 ut
631 2082 770 2161 dicebat,
797 2093 947 2168 tunquam
970 2083 1050 2149 alter
1071 2083 1139 2150 Cli·

110 2187 242 2253 demides
265 2186 318 2251 vel
340 2185 528 2252 Clidemidis
554 2184 655 2251 instar
680 2185 837 2251 tertiarius
865 2186 974 2252 sedere
999 2184 1136 2253 volebat.

109 2290 213 2376 Itaque
232 2288 296 2378 ἔφη
315 2288 356 2354 αδ
371 2286 563 2375 Sophoclem
579 2287 781 2354 referendum
799 2298 857 2356 est.
892 2289 947 2355 Do
961 2287 1141 2355 Clidemide

111 2394 165 2461 etsi
185 2393 264 2459 nihil
285 2391 413 2458 aliunde
436 2401 573 2470 constat,
596 2390 657 2459 hoc
675 2402 783 2457 tumen
798 2414 884 2458 nunc
902 2391 979 2459 sutis
997 2403 1137 2479 apparet,

111 2521 199 2586 saepe
216 2519 291 2563 cum
309 2495 439 2562 tertiarii
456 2517 587 2561 munere
605 2495 751 2561 functum
768 2493 880 2562 fuisse.

554 2629 606 2687 Vs.
624 2629 685 2685 881.

319 2735 449 2827 ῥήματα
466 2736 522 2802 καὶ
539 2732 793 2823 παραπρίσματ’
809 2732 910 2803 ἐπῶν.

167 2843 362 2929 Corruptum
380 2839 449 2905 sine
466 2836 564 2904 dubio
581 2848 630 2903 est
648 2836 792 2926 ῥήματα,
815 2860 876 2905 nec
893 2838 976 2905 mule
992 2838 1139 2906 Kockius

109 2954 281 3035 autpertus
300 2942 442 3022 coniecit,
461 2940 531 3007 nliis
549 2941 654 3006 minus
672 2949 746 3027 apte
763 2939 914 3029 ῥήγματα
929 2941 980 3008 vel
993 2942 1140 3031 ῥεύματα

110 3045 407 3116 commendantibus.
443 3043 528 3109 Mihi
545 3044 715 3128 aliquando
732 3045 857 3132 κρημνά
876 3068 911 3111 τε
924 3046 1140 3132 reponendum

110 3153 280 3219 videbatur.
316 3149 368 3214 Its
383 3143 606 3235 κρημνσπσιὸς
620 3146 804 3234 Aeschylus
818 3147 932 3213 dicitur
943 3146 975 3212 N
975 3146 1028 3213 uh.
1045 3148 1139 3214 1367.

112 3256 270 3341 eidemque
297 3251 429 3341 ῥήματα
456 3248 671 3338 ἱππόκρημνα
696 3249 877 3315 tribuuntur
901 3249 984 3314 Ran.
1007 3250 1081 3316 929.
1109 3262 1142 3314 et

14 3361 15 3368 '
112 3357 260 3426 Cleonem
281 3350 441 3443 κρημνοὺς
460 3351 635 3443 ἐρείπσντα
651 3351 752 3419 hahes
769 3351 878 3437 Equit.
898 3351 971 3418 628.
1014 3352 1082 3419 Nec
1100 3354 1141 3418 de

111 3483 166 3529 usu
188 3458 315 3549 generis
336 3457 479 3524 neutrius
502 3455 711 3522 dubitandum
733 3466 797 3534 cst,
820 3478 893 3522 cum
914 3454 1056 3543 κρημνός
1076 3456 1141 3542 pri·

111 3565 201 3631 mitus
228 3561 420 3629 ediectivum
445 3559 550 3625 fuerit.
594 3558 789 3645 Exemplum
816 3568 923 3623 tamen
947 3580 1013 3623 non
1037 3557 1142 3624 habeo

14 3665 15 3678 ¹
110 3669 166 3735 nisi
187 3690 289 3733 unum
310 3662 480 3751 Porphyrii
502 3662 587 3748 apud
610 3661 786 3730 Stohaeum
807 3660 878 3727 Ecl.
897 3660 990 3748 phys.
1012 3661 1075 3728 vol.
1094 3661 1140 3728 Π.

111 3770 303 3858 p.116,29.

557 3900 608 3957 Vs.
625 3899 686 3955 957.

221 4020 309 4078 νοεῖν
327 4004 408 4095 δρᾶν
426 4009 567 4089 ξυνιέναι
585 4010 738 4093 στρέφειν
758 4002 834 4094 ἐρᾶν
851 4004 1023 4088 τεχνάζειν.

170 4117 293 4202 Aperte
307 4123 488 4197 corruptum
502 4119 551 4176 cst
566 4108 651 4194 δρᾶν,
670 4108 757 4194 quod
769 4109 966 4177 Fritzsohins
979 4109 1025 4175 its
1037 4130 1144 4174 emen-

14 4257 15 4274 r
113 4215 175 4284 duri
195 4240 290 4306 posse
314 4214 507 4282 existimavit
529 4213 557 4280 si
576 4216 731 4301 στροφῶν
749 4210 825 4302 δρᾶν
844 4210 1008 4279 scribatur.
1051 4211 1144 4277 Idem
