2859 4909
476 396 849 455 ECCLESIAZUSAE.
1119 387 1181 452 201

140 543 238 608 τουτὶ
270 534 405 618 τὀῦπος
436 551 466 604 et
492 551 529 604 Γ.
555 540 648 605 τουτὶ
678 534 791 606 πόσσ’.
836 539 948 624 Itaque
979 538 1181 606 scribendum

141 656 229 711 erat:

173 743 249 813 ἀλλ’
271 742 347 813 οῦδὲ
366 745 455 813 δίκαι
473 750 605 833 πρῶτον
625 743 767 812 ἔσονται.
812 755 882 812 ΒΛ.
910 747 1004 813 τουτὶ
1020 742 1146 827 τοῦπος

749 844 781 914 o'
803 845 986 934 ἐπιτρίψει.

140 954 233 1020 Nihil
250 953 379 1040 gravius
397 960 508 1018 notant
527 951 639 1018 comici
656 973 753 1035 quam
771 950 910 1016 furorem
927 952 1115 1018 dieanicum.

546 1119 596 1176 Vs.
617 1119 780 1175 718-724.

254 1223 448 1305 irretiaris
466 1225 592 1313 πόρνας
610 1230 823 1291 καταπαῦσαι
839 1224 1004 1309 βούλομαι
1021 1263 1064 1273 -

253 1329 441 1416 κατωνάκην
458 1326 516 1396 τὸν
532 1339 645 1416 χοῖρον
664 1323 931 1411 ἀποτετιλμένας.

209 1451 281 1516 Ηοε
300 1462 422 1537 septem
439 1472 550 1515 versus
569 1447 639 1513 loco
659 1470 716 1514 suo
734 1457 837 1514 motos
856 1459 887 1514 et
904 1459 977 1536 post
992 1450 1064 1515 710.
1080 1460 1181 1514 trans-

142 1554 310 1641 ponendos
329 1577 401 1620 esse
419 1553 579 1631 existim03
609 1551 654 1616 ita
671 1552 904 1639 coniunguntur
926 1563 1111 1639 argumento
1133 1553 1180 1617 af-

141 1659 233 1735 finia,
269 1680 351 1745 quae
383 1658 417 1722 in
448 1656 579 1743 uulgato
605 1676 756 1721 versuum
784 1654 893 1721 ordine
918 1655 1057 1741 pessime
1082 1655 1181 1724 divel-

141 1761 262 1826 luntur.

597 1892 647 1949 Vs.
667 1893 726 1947 729.

316 2005 571 2088 προχειριοῦμαι
588 1994 757 2079 κάξετάσω
776 1995 833 2085 τὴν
852 1992 976 2064 οῦοίαν.

210 2120 325 2186 Aliena
352 2131 401 2186 est
427 2119 467 2185 ab
490 2120 670 2184 Atticorum
696 2141 758 2183 usu
780 2117 879 2183 futuri
900 2117 1004 2183 forma
1026 2115 1178 2199 ἐξετάσω,

139 2248 201 2311 pro
220 2247 283 2308 que
300 2221 398 2304 ἓξετιῦ
418 2221 619 2289 scribendum
643 2243 713 2287 esse
732 2220 824 2287 docet
843 2217 1077 2287 Grammaticus
1095 2223 1180 2308 opud

140 2328 328 2393 Bekkerum
351 2325 475 2391 Anecd.
499 2348 530 2412 p.
555 2324 633 2403 251,
660 2323 713 2389 32.
743 2320 945 2407 ίξετιῦμεν·
974 2320 1177 2408 ἐξετάσομεν.

140 2432 196 2497 Ac
216 2430 349 2497 correxit
366 2430 410 2495 ita
429 2427 582 2495 Cobetus.

596 2579 646 2634 Vs,
666 2579 725 2633 739.

440 2682 480 2752 σὺ
502 2685 537 2751 δὲ
556 2680 640 2769 δεῦρ’
656 2679 675 2770 ἡ
694 2680 887 2770 κιθαρῳδὸς
905 2680 1005 2764 ἔξιθι,

304 2788 464 2868 πολλάκις
482 2783 695 2873 ἀναστήσασά
712 2782 747 2871 μ’
762 2785 809 2866 εἷς
827 2783 1006 2872 ἐκκλησίαν.

208 2910 296 2975 Male
314 2910 434 2997 gallum
452 2908 662 2995 gallinaceum
680 2907 874 2995 intelligunt,
894 2907 949 2991 qui
966 2909 1068 2994 primo
1086 2931 1179 2975 mane

138 3014 335 3082 dormientes
353 3036 371 3078 e
390 3034 502 3079 somno
520 3011 645 3077 excitat.
689 3010 764 3076 Hoc
783 3011 810 3075 si
827 3010 981 3076 voluisset
998 3022 1105 3097 poeta,
1124 3013 1178 3077 vix

138 3141 221 3184 usus
239 3125 325 3182 esset
342 3136 457 3202 genere
479 3114 642 3192 feminino,
660 3113 845 3199 praesertim
863 3135 961 3197 quum
976 3114 1064 3180 salvo
1077 3126 1177 3181 metro

139 3219 280 3288 scribere
299 3219 454 3304 potuisset
473 3212 491 3282 δ
511 3214 703 3302 κιθαρῳδὸς
726 3214 831 3295 ἔξιθι,
853 3213 1014 3294 πολλάκις
1037 3213 1178 3305 ἀναστή-

140 3348 204 3402 σας
223 3317 270 3405 ’s'p'
287 3320 335 3398 εἷς
353 3319 532 3407 ἐκκλησίαν.
569 3319 665 3384 Adde
678 3317 763 3402 quod
776 3340 907 3403 prorsus
921 3317 1104 3384 incredibile
1118 3330 1176 3397 est,

139 3426 262 3515 gallum
285 3424 477 3489 domesticae
501 3421 708 3508 suppellectili
736 3421 905 3485 accenseri.
949 3420 1022 3486 Non
1044 3420 1176 3487 dubium

138 3538 192 3595 est
217 3527 295 3612 quin
321 3526 438 3592 molam
465 3526 549 3591 dicat
578 3534 685 3610 poeta,
716 3524 819 3609 primo
851 3545 943 3589 mane
975 3547 994 3589 a
1024 3524 1177 3591 servabus

140 3644 269 3699 strenue
291 3641 410 3696 motam
429 3639 460 3696 et
478 3639 608 3715 argutos
633 3637 745 3693 cantus
769 3626 913 3692 cientem.
958 3625 1093 3693 Mirifice
1116 3627 1178 3694 sibi

138 3734 268 3823 placent
286 3741 408 3798 veteres
425 3733 459 3796 in
477 3730 588 3796 haere
606 3728 824 3796 describenda.
868 3729 1074 3796 Pherecrates
1092 3731 1178 3817 apud

138 3837 345 3905 Athenaeum
364 3834 423 3901 VI.
442 3857 474 3920 p.
492 3833 566 3899 263.
581 3833 612 3899 b.
632 3828 730 3919 ἤλουν
749 3827 889 3919 δ’ρθριαι
904 3830 947 3898 τὰ
966 3837 1072 3912 σιτία,
1092 3827 1177 3901 ὥστε

136 3939 200 4028 τὴν
218 3939 329 4026 κώμην
346 3934 483 4024 ὑπηχεῖν
501 3941 733 4022 θιγγανουσῶν
750 3932 811 4013 τὰς
828 3935 943 4018 μύλας.
978 3935 1177 4004 Nicostratus

140 4042 276 4111 Stobaei
292 4041 401 4107 Floril.
420 4039 542 4117 LXX,
564 4040 614 4104 12.
632 4061 665 4125 p.
684 4039 736 4114 30,
757 4038 808 4104 15.
828 4039 970 4126 χρηστόν
987 4064 1024 4126 γε
1041 4039 1104 4128 μὴν
1122 4044 1177 4107 καὶ

136 4145 264 4234 άράξαι
282 4145 367 4212 ποτὲ
385 4143 488 4230 μύλην
502 4145 557 4208 καὶ
572 4140 759 4230 ἐπαφήσεις
773 4137 874 4230 αὐτῆς
889 4141 1046 4211 διδοῦσαν
1062 4138 1177 4231 ὥσπερ

135 4251 199 4318 ἐπὶ
217 4247 328 4336 λύρας.
