2859 4909
706 375 867 434 RANAE.

722 514 773 571 Vs.
793 514 853 569 151.

466 614 488 708 ἢ
505 624 680 706 Μορσίμου
699 644 751 698 τις
769 619 863 708 ῥῆσιν
881 616 1098 706 ἐξεγράψατο.
1220 656 1224 663 -

340 741 482 809 Cobctus
505 740 598 828 ῥῆσίν
619 735 682 807 τιν’
700 763 760 828 pro
782 763 834 817 τις
856 739 963 826 ῥῆσιν,
991 740 1081 805 cuius
1108 741 1324 807 correctionis

275 867 371 931 quam
398 866 527 909 causam
554 841 699 909 habuerit
725 841 901 929 intelligere
926 841 1004 907 mihi
1029 842 1152 922 videor3
1185 842 1323 909 facilius

275 947 354 1014 mihi
370 942 392 1035 ἢ
410 945 440 1014 εί
458 945 660 1013 scribendum
678 945 817 1024 videtur,
841 944 953 1011 ceteris
970 968 1035 1011 non
1052 945 1191 1012 mutatis.
1236 945 1325 1013 Alia

276 1050 441 1140 proposuit
457 1049 628 1138 Bergkius,
646 1071 742 1134 quem
759 1046 841 1114 vide.

731 1199 782 1257 Vs.
800 1199 861 1255 155.

443 1301 523 1393 ὄψει
542 1304 578 1372 δὲ
595 1309 670 1393 φῶς
686 1304 860 1372 κάλλιστον
878 1273 993 1391 οἵσπερ
1013 1302 1141 1373 ἐνθαδί.

344 1426 532 1496 Communis
563 1436 631 1493 erat
661 1425 767 1513 opinio
794 1424 932 1492 initiatos
959 1424 1045 1513 apud
1070 1425 1188 1491 inferos
1212 1426 1325 1493 multo

281 1529 585 1620 splendidiore-sole
612 1529 676 1596 frui
700 1541 798 1615 qua'm
819 1528 854 1594 in
875 1528 1008 1616 superis.
1051 1527 1207 1616 Virgilius
1229 1528 1324 1595 Aen.
1403 1555 1409 1564 ·

280 1635 343 1703 VI.
357 1634 431 1702 640.
451 1635 567 1721 turpior
579 1634 628 1698 ίιίε
640 1656 764 1720 campos
777 1632 878 1698 aether
890 1643 919 1698 ct
932 1633 1044 1698 lumine
1057 1634 1144 1697 νεείίί
1155 1655 1324 1720 purpureo

281 1738 432 1825 romaque
442 1760 531 1801 auum
543 1760 601 1801 ειισ
613 1739 716 1802 eidem
730 1747 852 1801 norum.
893 1733 1001 1819 Quare
1014 1734 1087 1801 vide
1100 1757 1140 1800 ne
1154 1735 1326 1822 scripserit

281 1848 377 1928 poeta
392 1838 525 1904 κάλλιον
542 1832 638 1926 ἤπερ.

734 1989 784 2046 Vs.
804 1989 863 2045 186.

360 2102 411 2177 τίς
429 2093 463 2175 ἐς
478 2092 518 2163 τὸ
536 2093 644 2184 λήθης
661 2095 792 2175 πεδίον,
810 2089 877 2182 ἢ’ς
888 2088 993 2161 Ὄκνου
1012 2093 1147 2174 ντλοκάς,

362 2196 429 2288 ἣ’ς
446 2202 658 2288 Κερβερίους,
678 2192 744 2285 ἢ’ς
761 2197 916 2285 κόρακας,
936 2191 1027 2284 ἢ’ντὶ
1047 2201 1223 2285 Ταίναρον,·

348 2318 535 2409 Legebatur
553 2314 628 2386 ὄνου
647 2316 765 2397 πόκας,
784 2315 870 2403 quod
888 2339 960 2383 cum
977 2316 1092 2384 multas
1106 2316 1327 2384 dubitationes

285 2423 411 2503 habeat,
430 2421 559 2490 exhibui
576 2420 662 2508 quod
674 2419 895 2487 Aristarchum
913 2419 1029 2508 legisse
1048 2419 1223 2487 ostendisse
1241 2422 1328 2487 mihi

286 2528 396 2594 videor
412 2527 541 2614 Fragm.
561 2524 654 2591 Com.
673 2547 722 2612 gr.
741 2522 786 2588 11.
805 2546 837 2609 p.
857 2523 930 2589 204.
975 2522 1015 2588 In
1032 2522 1131 2590 altero
1148 2546 1242 2590 versu
1260 2525 1326 2590 im-

286 2641 419 2719 portune
442 2628 606 2694 Taenarus
629 2636 904 2704 commemoratur,
928 2625 982 2711 qui
1003 2648 1044 2692 ne
1065 2637 1114 2692 est
1135 2626 1266 2712 quidem
1289 2629 1325 2694 in

285 2733 394 2799 inferis
412 2741 444 2797 et
461 2731 580 2797 exitum
597 2730 703 2818 potius
721 2727 893 2818 praebebat
909 2729 1050 2808 mortuis,
1067 2750 1163 2814 quam
1177 2739 1213 2795 ut
1227 2730 1328 2796 simul

286 2858 361 2902 cum
386 2833 498 2900 ceteris
524 2831 698 2899 inferorum
723 2832 802 2899 locis
829 2843 860 2898 et
885 2829 1056 2900 terroribus
1082 2835 1327 2912 commemorari

286 2936 433 3027 potuerit.
468 2935 536 3004 Vix
552 2933 761 3003 dubitandum
779 2935 903 3001 videtur
919 2935 996 3020 quin
1014 2933 1211 3025 Τάρταρονο
1227 2946 1330 3024 poeta

290 3040 443 3127 scriptum
461 3038 511 3105 sit.
591 3042 593 3046 ’

741 3172 791 3230 Vs.
809 3171 870 3227 340.

311 3280 415 3370 tyrae
433 3282 576 3369 φλογέας
594 3278 773 3364 λαμπάδας
791 3275 824 3346 ἐν
838 3278 933 3365 χερσὶ
949 3273 1010 3366 γὰρ
1027 3271 1100 3366 ἥκει
1116 3278 1291 3360 τινάσσων,

304 3380 399 3468 Ἴακχ’
416 3373 568 3467 ὦἼακχε.

355 3505 512 3571 Intactam
528 3502 642 3588 reliqui
662 3500 814 3567 librorum
836 3500 1035 3586 scripturam,
1058 3500 1148 3567 cuius
1169 3524 1326 3589 perquam

291 3610 410 3676 incerta
433 3607 556 3674 medela
579 3615 637 3673 est
680 3603 761 3683 Alii,
784 3613 821 3669 ut
836 3602 1056 3683 Humanum,
1078 3599 1140 3690 γὰρ
1161 3598 1247 3691 ἥκει,
1270 3606 1327 3672 alii

291 3711 454 3781 τινάσσων
477 3705 649 3787 eiecerunt,
671 3706 726 3772 elii
748 3706 882 3791 denique
899 3703 1062 3773 τινάσσων
1079 3707 1120 3772 ad
1139 3718 1326 3800 sequentem

293 3837 420 3881 versum
446 3822 609 3879 traxerunt
635 3809 753 3888 deleto,
780 3808 866 3895 quod
888 3807 986 3875 deleri
1007 3831 1070 3875 non
1092 3808 1200 3890 debet,
1215 3807 1325 3895 Ἴακχ’.

294 3916 333 3985 Si
349 3913 411 4004 γὰρ
429 3910 500 4003 ἥκει
517 3914 743 3981 eliminandum
760 3923 822 3991 est,
845 3920 1007 3997 praeterea
1024 3908 1117 3999 ’ἔγειρ’
1138 3902 1166 3978 ὦ
1183 3914 1327 3980 scriben-

293 4021 370 4089 dum
388 4017 460 4096 erit3
481 4018 617 4083 fortasse
635 4028 741 4083 tamen
757 4014 921 4083 τινάσσων
938 4015 1178 4095 removendum,
1203 4016 1261 4083 sed
1278 4017 1328 4082 sic

294 4134 330 4193 ut
350 4120 461 4191 eadem
483 4141 579 4206 opera
601 4118 734 4208 ἐγείρων
757 4116 925 4196 scribatur,
953 4129 984 4185 et
1000 4112 1093 4201 'lanx’
1114 4107 1259 4202 oi’lcnxa
1281 4120 1328 4185 ita

294 4228 414 4296 dictum
441 4231 608 4301 statuatur,
643 4232 679 4286 ut
704 4245 733 4289 e.
755 4245 783 4290 c.
809 4224 840 4288 ίο
868 4222 1018 4309 triumphe
1043 4220 1129 4308 apud
1154 4221 1327 4289 Horatium
