2859 4909
285 394 329 460 54
700 402 906 470 EQUITES.
1007 448 1014 462 ,

286 548 407 632 δέσμοο
425 551 601 635 τρέπεται·
620 542 691 612 οἷον
710 546 791 623 αἴκε,
811 543 902 610 αἴκα
918 539 968 631 μὴ
986 545 1155 631 θαλφθῇ
1173 542 1323 630 λόγοις.

284 651 377 717 Ηοεο
403 670 595 735 quamquam
621 649 676 714 vix
703 648 771 715 sine
800 648 877 713 vitio
908 647 1026 733 scripta
1056 654 1143 725 sunt,
1175 657 1323 733 apertum

285 765 391 820 tamen
409 761 470 831 est,
488 774 552 817 non
570 751 655 830 aias,
674 761 709 817 ut
726 751 825 817 nostri
842 749 914 815 libri
931 749 1058 828 habent,
1077 750 1322 836 grammaticum

285 857 388 937 illum,
415 854 559 941 quisquis
581 865 643 933 est,
672 855 706 920 in
728 877 787 920 suo
808 853 1032 940 Aristophanis
1055 852 1226 939 exemplari
1248 875 1325 940 rep-

285 960 421 1047 perisse,
457 958 515 1026 sed
549 957 636 1025 α’ίκα.
680 956 733 1023 Ac
767 979 875 1023 veram
910 978 981 1023 esse
1015 956 1097 1022 hanc
1133 955 1324 1042 scripturam

286 1062 456 1129 ostendunt
477 1084 559 1148 quae
581 1060 623 1127 ad
639 1059 719 1126 haec
735 1058 905 1146 respondet
922 1058 1076 1125 isiciarius
1093 1054 1136 1125 τὰ
1152 1058 1212 1143 μὲν
1233 1054 1323 1146 λόγι’

287 1164 435 1232 αἰκάλλει
459 1188 515 1249 με,
547 1164 581 1229 in
607 1162 723 1248 quibus
749 1162 918 1228 manifesta
945 1174 993 1229 est
1020 1162 1060 1228 ad
1087 1160 1165 1228 o't'ao
1195 1161 1323 1229 allusio.

286 1268 341 1335 De
357 1267 554 1355 correptione
570 1266 741 1353 particulae
759 1265 814 1347 κά,
838 1288 920 1351 quae
942 1266 1020 1333 alias
1042 1265 1109 1330 fere
1125 1264 1322 1352 producitur,

287 1372 355 1438 dixi
380 1371 402 1437 l.
424 1371 447 1437 l.
469 1369 525 1436 ubi
547 1370 634 1455 quod
661 1368 739 1437 α’ίκα
764 1369 797 1434 in
820 1367 1044 1456 Aristophanis
1068 1369 1139 1434 loco
1165 1368 1261 1433 etiam
1288 1368 1324 1433 in

287 1475 369 1542 Rav.
388 1474 539 1562 scriptum
557 1494 628 1539 esse
645 1472 797 1551 indicavi,
815 1494 872 1559 per
889 1493 1025 1538 errorem
1042 1472 1161 1537 dictum
1179 1480 1238 1537 est.

739 1658 790 1715 Vs.
808 1658 869 1713 239.

417 1762 624 1834 ἀπολεῖσθον
641 1761 899 1832 ἀποθανεῖσθον
917 1753 944 1830 ὦ
961 1762 1172 1852 μιαρωτάτω.

352 1887 437 1953 Nihil
459 1887 538 1952 haec
559 1884 678 1951 habent
698 1885 733 1950 in
755 1908 819 1970 quo
841 1884 909 1951 iure
931 1884 1003 1968 quis
1021 1884 1174 1962 offendat,
1197 1893 1230 1950 at
1248 1905 1324 1949 cum

287 1990 369 2057 Rav.
388 2012 446 2076 pro
465 1986 724 2057 ἀποθανεῖσθον
741 1987 857 2054 habeat
875 1982 1093 2068 ἀπολεῖσθον,
1112 1987 1166 2053 vix
1183 1986 1326 2054 dubitari

287 2103 393 2181 potest
409 2092 487 2179 quin
504 2091 737 2178 Aristophanes
756 2090 930 2178 scripserit:

365 2269 368 2274 .
419 2209 626 2282 ἀπολεῖσθον
645 2211 889 2293 ἐξαπολεῖσθον
908 2200 935 2276 ὦ
953 2209 1162 2298 μιαρωτάτω,

289 2335 374 2421 quod
395 2334 473 2399 mihi
497 2333 625 2419 quidem
650 2333 753 2399 editae
774 2331 902 2399 lectioni
924 2330 1009 2397 haud
1030 2353 1142 2417 parum
1159 2342 1323 2418 praestare

288 2440 422 2504 videtur.
468 2436 536 2503 cfr.
559 2434 644 2502 Nuh.
668 2436 763 2503 1136.
798 2439 875 2513 θεῖς
900 2458 960 2519 μοι
986 2429 1157 2528 πρυτανεῖ’
1182 2429 1324 2502 ἀπολεῖν

287 2546 329 2626 μέ
347 2565 431 2629 φησι
448 2536 606 2621 κάξολεῖν.

740 2706 791 2763 Va.
809 2707 869 2762 264.

332 2815 388 2880 καλ
406 2825 542 2893 σκοπεῖς
558 2837 594 2900 με
611 2818 678 2880 τῶν
694 2814 843 2879 πολιτῶν
862 2806 954 2892 ὅστις
972 2809 1059 2880 ἐστὶν
1082 2807 1241 2896 ἀμνοκῶν,

251 2945 254 2953 ·
332 2917 494 2996 πλούσιος
511 2918 567 2984 καὶ
583 2913 629 3003 μὴ
647 2912 793 3003 πονηρὸς
810 2916 866 2982 καὶ
882 2919 1009 3001 τρέμων
1027 2912 1070 2982 τά
1087 2914 1279 3002 πράγματα.

353 3038 452 3104 Recte
475 3037 588 3124 opinor
608 3037 763 3102 intellexit
783 3036 930 3103 Kockius
955 3048 1090 3104 σκοπεῖν
1112 3059 1153 3103 ex
1174 3059 1222 3104 vs.
1246 3038 1324 3105 259.

288 3142 352 3208 huc
370 3139 554 3206 translatum
573 3162 644 3206 esse
661 3153 852 3227 poetamque
870 3140 998 3206 fortiore
1016 3139 1113 3206 verbo
1126 3163 1220 3206 usum
1233 3163 1325 3208 esse:

289 3244 417 3332 corrigit
439 3243 537 3331 igitur
558 3246 680 3322 πέκεις.
727 3241 795 3309 Sed
816 3243 877 3309 hac
894 3243 996 3309 forma
1013 3241 1105 3308 valde
1123 3243 1255 3309 dubium
1274 3258 1326 3311 est

289 3371 366 3413 num
384 3347 510 3412 veteres‘
527 3347 695 3433 scriptores
713 3346 764 3411 usi
782 3346 859 3425 sint3
885 3345 1116 3432 Aristophanes
1139 3357 1223 3413 certe
1241 3372 1327 3415 πεκ-

288 3447 355 3518 τεῖν
380 3450 474 3529 dixit,
498 3471 661 3534 nunquam
683 3453 804 3515 πέκειν.
850 3447 972 3532 Quare,
996 3448 1024 3514 si
1041 3449 1117 3533 quid
1134 3450 1324 3517 mutandum

289 3564 348 3633 est,
366 3554 475 3620 malim
493 3553 621 3619 omnino
638 3553 694 3618 καὶ
712 3552 850 3632 σποδεῖς
866 3577 913 3640 με.
958 3550 1026 3619 cfr.
1044 3550 1109 3617 Av.
1127 3552 1221 3620 1016.
1240 3549 1325 3638 ὁμο·

288 3654 443 3741 θνμαόὸν
462 3656 600 3724 σποδεῖν
618 3650 768 3734 ἅπαντας
785 3653 864 3734 τοὺς
882 3650 1043 3736 ἀλαζόνας
1061 3654 1160 3722 δοκεῖ.

740 3841 791 3898 Vs.
809 3841 871 3896 276.

393 3943 461 4015 ἀλλ’
478 3945 534 4015 ἐὰν
552 3947 610 4032 μὲν
627 3946 723 4014 τόνδε
741 3953 832 4035 νικᾷς
849 3951 889 4035 τῇ
905 3950 983 4034 βοῇ,
1002 3944 1154 4033 τήνελλος
1171 3942 1211 4014 εἶ.

352 4068 425 4135 Non
442 4068 536 4134 nauci
554 4090 624 4134 esse
647 4069 733 4154 quod
755 4068 827 4134 libri
849 4088 959 4134 omnes
982 4064 1100 4132 habent
1121 4065 1279 4152 τήνελλος,
1292 4063 1324 4134 ελ

287 4172 409 4238 dudum
431 4171 623 4237 intellectum
646 4182 694 4237 est
717 4195 737 4237 a
759 4171 889 4250 criticis,
918 4192 1054 4254 quorum
1077 4169 1241 4235 Porsonus
1264 4169 1323 4256 τή-

287 4271 368 4343 νελλ
385 4274 453 4342 ἒόει
470 4273 661 4362 corrigebat,
684 4273 821 4362 τήνελλά
841 4297 895 4342 σοι
911 4273 1069 4340 Kockius.
1113 4271 1255 4339 Praetuli
1272 4272 1324 4340 his
