2859 4909
664 374 963 433 nrslsrnnnn.
1038 347 1042 356 ’

737 515 787 570 Vs.
807 515 884 571 lddss.

421 613 541 697 βαβαί·
558 610 755 698 νενεύρωται
771 611 830 695 μὲν
848 606 907 698 ἥδε
925 609 1083 702 συμφορὰ

424 713 553 793 δεινῶς,
570 718 816 799 τεθερμῶσθαι
833 714 870 782 δὲ
885 727 995 806 χεῖρον
1013 720 1178 804 φαίνεται.

356 825 538 906 Postrema,
560 825 594 892 iu
616 825 732 910 quibus
753 849 812 913 pro
830 825 867 893 db
884 825 977 894 oodd.
994 851 1032 915 ys
1048 826 1178 908 hebent,
1197 827 1323 915 intelligi
1403 819 1404 850 ³

182 965 185 968 ·
292 951 358 997 non
378 938 522 1016 possunt
568 926 869 997 Scholiastaehoeo
895 939 944 997 est
970 932 1146 999 annotatio:
1175 927 1321 998 derisni
1403 1007 1404 1020 ¹

289 1044 399 1123 χεῖρον
416 1036 474 1120 τῆς·
490 1031 619 1111 τάσεως
636 1037 694 1099 τοῦ
709 1028 827 1120 Ἑρμοῦ
850 1038 1018 1122 φαίνεται,
1045 1035 1102 1121 qui
1119 1035 1181 1101 etsi
1199 1034 1274 1121 quid
1293 1033 1323 1099 in

292 1159 352 1203 suo
360 1133 441 1204 libro
449 1134 604 1214 habuerit,
622 1158 687 1202 non
696 1137 773 1202 satis
783 1148 923 1225 opporet,
942 1137 1003 1204 hoo
1014 1147 1121 1203 tomen
1135 1137 1320 1226 intelligitu,
1393 1173 1397 1181 ·

291 1238 412 1326 aliquid
424 1239 465 1306 de
477 1238 594 1306 hermis
608 1238 728 1305 dietum
742 1260 815 1305 enm
828 1239 880 1305 bio
894 1238 1022 1327 legisse.
1047 1238 1228 1328 Suspiceris
1240 1236 1277 1307 τὸ
1290 1234 1318 1305 δ’

289 1338 476 1431 ὴρμιύσθαύ
492 1342 557 1426 (vel
574 1340 778 1428 ἑρμούσθαί)
795 1365 832 1430 γε
847 1354 958 1433 χεῖρον
970 1348 1136 1433 φαίνεται,
1156 1345 1320 1410 domnorum

290 1459 402 1513 sortem
418 1447 522 1513 subire
532 1448 623 1533 peius
642 1457 694 1512 ert.
739 1444 845 1512 Attuli
861 1446 954 1524 haee,
978 1469 1042 1513 non
1060 1447 1239 1532 quodvera
1255 1466 1319 1513 esse

290 1549 428 1631 credam,
447 1548 506 1616 sed
524 1550 551 1615 si
568 1546 651 1615 forte
668 1547 825 1615 acutiores
843 1547 1056 1635 probabiliora
1074 1550 1257 1616 extuudnut.

734 1699 881 1757 vs1098.

420 1787 447 1864 ὦ
466 1798 675 1884 πολοχαρλδα
693 1795 785 1864 δεινά
803 1822 845 1864 κα
859 1793 1096 1883 ’πεπόνθεμες

420 1900 460 1967 αἵ
473 1896 500 1965 κ’
516 1895 605 1968 εἶδον
623 1895 687 1984 sps
704 1896 847 1989 τῶνδρες
864 1895 1180 1990 ἀναπεφλασμένως.

349 2011 446 2079 Libri
472 2021 504 2078 et
529 2011 581 2078 hio
607 2021 639 2078 et
665 2034 713 2079 vs.
742 2011 838 2078 1242.
864 2010 983 2079 habent
1014 2011 1237 2099 πολυχαρίδα,
1272 2009 1316 2076 oui

289 2115 454 2184 Bentleius
473 2114 678 2203 sequentibus
697 2113 865 2182 Dindorfio
883 2115 1064 2201 Bothioque
1086 2113 1314 2200 ποολοχαρίδα,

288 2220 437 2308 Engerus
451 2229 558 2298 autern
571 2218 788 2306 πωλιχαρὶδα
801 2216 972 2286 substituit.
998 2218 1141 2285 Praetuli
1159 2219 1210 2286 his
1222 2218 1315 2285 πολι·
1403 2259 1404 2262 ¹

285 2323 438 2413 χαρελδα,
466 2321 509 2389 οδ
530 2321 720 2410 πολυχάρης
741 2320 958 2401 referendum,
981 2331 1017 2387 ut
1038 2323 1072 2388 in
1088 2321 1230 2389 Acheru.
1247 2318 1313 2387 219.

286 2425 496 2518 Λακρατείδῃ
519 2425 561 2493 od
577 2425 767 2513 Λακράτης,
789 2423 846 2491 ubi
866 2424 943 2492 item
963 2423 1037 2491 libri
1058 2424 1178 2493 hubent
1195 2434 1315 2509 Λακρα-

286 2532 373 2620 τίδῃ.
416 2529 470 2596 De
492 2528 697 2616 sequentibus
721 2528 755 2594 in
777 2528 978 2596 annotatione
999 2528 1106 2595 oritioa
1128 2528 1246 2597 dietum
1262 2536 1314 2592 est.

286 2633 399 2702 Altero
420 2655 517 2722 versu
537 2632 662 2719 requiro
681 2626 979 2721 ἀμπεφλασμένως.
1025 2631 1078 2698 Cf.
1099 2634 1172 2700 106.
1191 2627 1313 2717 ἀμπτά-

285 2760 399 2821 μενος,
432 2735 494 2801 171
527 2730 719 2818 ἀμπείσειεν
750 2746 781 2801 et
809 2734 894 2800 1310
926 2724 1144 2826 introitione.
1198 2732 1311 2801 Ibidem

287 2847 396 2906 contra
420 2836 510 2926 leg-es
537 2837 727 2924 syntecticus
754 2837 875 2910 dietum
900 2847 950 2904 est
976 2837 1016 2904 αἲ
1035 2834 1066 2904 κ’
1086 2835 1187 2906 εἶδον.
1228 2833 1312 2903 Libri

286 2964 397 3010 omnes
414 2939 534 3008 habent
551 2939 591 3006 αἴ
605 2935 632 3005 κ’
647 2939 730 3007 ἰ’δον.
772 2931 893 3027 Scripsi
911 2938 947 3007 αἰ
961 2936 1048 3007 εἶδον
1066 2941 1086 3007 i.
1102 2964 1130 3008 e.
1147 2941 1184 3009 αἰ
1197 2935 1309 3008 Γεῖδον.

287 3042 354 3112 Sed
367 3043 504 3111 incertus
517 3041 592 3109 fidei
608 3041 688 3110 haee
705 3043 809 3110 formo
826 3054 874 3109 est
891 3065 948 3130 pro
968 3041 1086 3122 δὀιδον,
1105 3042 1146 3112 de
1164 3068 1226 3131 quo
1241 3040 1311 3107 dixit

284 3147 448 3214 Nuuokius
470 3145 611 3214 Bulletin
632 3146 672 3212 de
693 3146 819 3213 l'Acsd.
840 3146 880 3211 de
905 3143 953 3213 St.
976 3145 1121 3213 Petersb.
1140 3147 1199 3214 Vl.
1217 3170 1246 3235 p.
1265 3142 1309 3208 15.

285 3250 492 3319 Conieiebam
510 3246 547 3318 αλ
563 3244 705 3338 τῶνδρες
723 3246 787 3334 ἁμέ
803 3245 830 3337 y’
852 3248 960 3317 ἕοιδον
977 3244 1270 3339 ἀμπεφλασμένως.

728 3402 778 3458 Vs.
798 3402 874 3456 1109.

327 3497 435 3588 δεινὴν
458 3496 588 3587 ἀγαθὴν
611 3499 740 3588 φαύλην
763 3495 882 3586 σεμνὴν
905 3494 1025 3588 ἀγανὴν
1047 3500 1256 3585 πολύπειρον.

348 3610 396 3677 Ut
417 3634 546 3678 versum
566 3633 630 3677 uno
652 3611 735 3699 pede
757 3612 910 3677 minorem
932 3613 1122 3700 complerem
1139 3618 1212 3698 post
1228 3601 1306 3695 φαύ-

282 3716 340 3801 λην
363 3713 472 3780 addidi
493 3713 579 3800 qnod
605 3713 699 3782 fuoile
722 3714 867 3781 excidere
888 3718 993 3802 potuit
1015 3711 1131 3804 ἀφελῆ.
1175 3707 1307 3799 Egregia

282 3825 389 3881 autem
407 3826 474 3884 erte
491 3817 595 3884 varius
606 3816 807 3905 Lysistratue
821 3819 952 3885 virtutes
967 3820 1011 3884 itu
1024 3818 1200 3905 composuit
1212 3822 1304 3902 poeta,

281 3930 318 3984 ut
338 3939 420 4003 quus
443 3919 505 3986 sibi
526 3921 692 4007 oppositus
714 3931 821 3988 essent
848 3918 954 3988 δεινλν
981 3917 1112 4009 ἀγαθὴν
1138 3911 1171 3987 et
1197 3910 1304 3999 σεμνὴν

283 4017 404 4108 ἀγανὴν
435 4021 651 4109 coniungeret,
687 4024 737 4089 his
773 4024 879 4090 medio
908 4024 979 4091 loco
1006 4035 1157 4112 cognatus
1186 4017 1303 4111 φαύλην

282 4122 388 4214 ἀφελῆ
407 4124 626 4209 interponeret,
645 4124 757 4193 tdtimo
775 4126 911 4212 denique
928 4127 999 4194 loeo
1017 4136 1148 4213 poneret
1159 4116 1303 4191 abomni·

280 4230 341 4296 bus
353 4228 517 4324 'diversam
534 4226 747 4315 πολύπειρον.
1156 4248 1158 4251 ⁴
