2859 4909
477 379 853 438 ECCLESIAZUSAE.
1119 366 1183 432 205

593 518 643 574 Vs.
664 518 742 573 1037.

236 634 300 690 ποῖ
315 629 431 690 τοῦτον
450 622 552 703 ἕλκεις
570 623 628 705 σάς
670 636 707 689 Γ.
730 620 787 690 τὸν
806 621 947 710 ἐμαυτῆς
965 621 1098 709 εἰσάγω.

215 744 297 811 Βεν.
321 756 353 810 et
369 757 407 810 Γ.
432 743 547 825 ἕλκεις,
570 741 627 810 τὸν
651 741 803 830 ἐμαυτῆς.
849 742 985 809 Codices
1007 743 1186 830 interpolati

147 856 224 933 post
252 844 354 926 ἕλκεις
380 847 501 913 addunt
527 846 579 914 σά.
625 845 797 913 Dobraeus
824 847 957 912 tentavit
983 858 1047 913 ποῖ
1070 852 1186 913 τοῦτον

149 950 308 1032 ἐξέλκεις,·
335 947 393 1016 τὸν
420 948 562 1037 ἐμαυτῆς
588 948 722 1034 εἰσάγω.
766 949 807 1014 In
832 972 896 1036 quo
922 971 1025 1033 neque
1048 947 1187 1030 ἐξέλκεις

148 1052 277 1139 placere
297 1063 417 1139 potest,
444 1050 548 1138 neque
570 1050 627 1119 τὸν
651 1051 793 1140 ἐμαυτῆς
816 1053 892 1119 satis
917 1052 1088 1139 respondet
1115 1075 1187 1119 sen-

148 1156 282 1235 tentiae3
305 1179 369 1221 non
392 1157 477 1221 enim
498 1178 594 1240 quem
615 1155 790 1221 obductura
812 1156 854 1221 sit
876 1178 916 1220 ex
937 1155 1044 1221 vetula
1062 1156 1188 1240 quaesi·

149 1269 313 1337 tumeret,
334 1260 391 1325 sed
408 1281 472 1343 quo
491 1282 564 1326 eum
582 1259 728 1326 abducat.
773 1258 899 1325 Eodem
915 1259 993 1324 vitio
1011 1270 1187 1325 ceterorum

149 1362 351 1428 coniecturae
373 1361 531 1441 laborant,
560 1361 675 1428 Cobeti
697 1372 762 1428 ποῖ
781 1367 898 1428 τοῦτον
921 1360 1024 1440 ἕλκεις
1046 1361 1104 1443 ori,-
1129 1360 1187 1429 τὸν

149 1463 295 1553 ἐμαυτῆς
322 1460 410 1552 ἄνδρ’
436 1460 520 1550 ἀγω,
548 1465 681 1552 Bergkii
707 1477 771 1532 ποῖ
795 1470 912 1532 τοῦτον
939 1462 1041 1544 ἕλκεις
1067 1460 1187 1553 ἀνδρας

148 1564 209 1634 τὸν
233 1567 375 1656 ἐμαυτῆς
397 1565 478 1655 ἀγω.
521 1567 663 1635 Praetuli
684 1568 735 1634 his
758 1569 844 1653 quod
860 1569 990 1652 reliquis
1009 1569 1187 1654 expeditius

148 1670 331 1737 videbatur:

269 1786 333 1841 ποῖ
349 1779 465 1842 τοῦτον
485 1773 604 1856 ἕλκειςς
647 1786 683 1840 Γ.
712 1772 760 1852 εἰς
778 1771 920 1861 ἐμαυτῆς
938 1773 1070 1862 εἰσάγω.

149 1894 310 1959 Nimirum
333 1895 447 1959 extrita
469 1917 551 1979 quae
572 1906 646 1981 post
668 1892 771 1978 ἕλκεις
791 1917 891 1980 prono
909 1917 1012 1960 errore
1031 1895 1189 1961 exciderat

150 1998 385 2083 praepositione
404 1995 465 2075 εἰς,
485 1998 678 2083 supervenit,
698 1998 753 2081 qui
770 1997 918 2084 genetivo
935 1997 1076 2064 offensus
1095 1996 1189 2063 simul

149 2111 187 2164 ut
205 2110 305 2165 metro
324 2101 401 2166 satis
419 2101 546 2178 faceret,
565 2100 695 2165 adderet
712 2099 779 2165 τόν.

597 2303 647 2359 Vs.
667 2304 744 2357 1091.

292 2413 368 2485 πῶς
387 2398 443 2475 οὖν
462 2409 619 2476 δικωπεῖν
638 2404 829 2498 ἀμφοτέρας
848 2407 1045 2495 ἀονῆσομαι,·

217 2527 304 2592 Nihil
321 2528 414 2595 video
432 2552 496 2616 quo
515 2526 706 2618 ἀμφοτέρας
724 2529 852 2596 defendi
869 2529 982 2616 possit,
1006 2551 1069 2613 quo
1092 2529 1120 2593 si
1142 2529 1188 2593 uti

151 2630 282 2698 volebat
297 2641 406 2717 poeta,
424 2654 483 2718 pro
501 2632 658 2700 δικωπεῖν
675 2634 782 2719 potius
800 2634 1006 2720 κωπηλατεῖν
1024 2632 1075 2697 vel
1093 2629 1189 2697 ἐλαύ-

151 2758 220 2801 νειν
244 2733 294 2799 vel
317 2735 418 2800 simile
437 2735 513 2819 quid
530 2736 634 2802 dicere
653 2735 800 2802 debebat.
843 2736 956 2823 Itaque
975 2735 1118 2823 suspicor
1134 2758 1190 2822 ge-

150 2837 286 2903 nuinum
312 2837 504 2904 vocabulum
527 2839 675 2905 extritum
701 2862 787 2918 esse,
814 2840 1063 2927 Aristophanem
1084 2850 1189 2904 autem

152 2940 334 3027 scripsisse:

230 3055 233 3059 ’
306 3049 380 3122 πῶς
398 3032 454 3109 οὗν
473 3042 631 3111 δικωπεῖν
650 3041 813 3131 ἀντιβολῶ
833 3044 1030 3131 ἀυνῆσομαι,·

598 3247 647 3303 Vs.
667 3248 744 3303 1105.

262 3347 354 3436 ἕμιος
373 3347 404 3418 d'
421 3350 477 3418 ἐάν
495 3377 528 3418 τι
545 3350 655 3418 πολλά
673 3350 834 3430 πολλάκις
850 3348 958 3417 πάθω

259 3454 379 3541 θάψαι
395 3450 428 3539 μ’
446 3451 497 3522 ἐπ’
515 3450 604 3542 αὐτῷ
621 3460 668 3542 τῴ
688 3443 905 3541 οτόματιτῆς
924 3453 1085 3543 εἰσβολῆς.

219 3576 292 3641 Non
309 3574 412 3641 habeo
430 3598 493 3660 quo
511 3575 646 3641 referam
665 3570 765 3660 ὅμως.
806 3571 854 3641 Et
868 3598 949 3660 quos
963 3576 1092 3641 tandem
1105 3598 1191 3642 com·

153 3679 266 3767 pellari
283 3677 426 3744 dicamus
444 3677 485 3744 ab
502 3678 621 3744 infelici
639 3702 737 3764 puero
760 3689 791 3744 et
812 3678 959 3766 precibus
983 3679 1075 3757 adiri,
1099 3689 1134 3743 ut
1156 3701 1191 3746 se

154 3781 328 3870 sepeliant?
366 3781 527 3847 Intellexit
543 3781 653 3847 vitium
672 3783 734 3848 loci
750 3767 919 3869 Birgkius,
939 3782 1021 3848 iusto
1039 3775 1191 3848 audacius

154 3899 264 3951 tamen
282 3882 366 3951 αἰτιῦ
384 3907 442 3971 pro
462 3879 552 3969 ἕμως
570 3885 722 3952 scribens.
766 3886 997 3973 Reponendum
1015 3886 1137 3972 putavi:

297 4000 384 4089 ὑμᾶς
402 4000 434 4071 d'
451 4003 507 4071 ἐάν
525 4030 559 4071 τι
576 4004 686 4072 πολλὰ
703 4004 864 4086 πολλάκις
881 4006 989 4074 πάθω
1008 4043 1050 4055 -

152 4126 314 4193 Nimirum
331 4127 372 4191 ad
391 4136 583 4213 spectatores
607 4149 777 4194 conversus
800 4128 880 4194 haec
901 4128 990 4207 dicit,
1013 4136 1048 4191 ut
1069 4125 1189 4211 passim

153 4230 270 4297 comici
287 4228 439 4296 fecerunt
