2859 4909
536 404 741 471 EQUI'I'ES.
1117 398 1159 463 67

565 543 712 599 Vn1295.

196 650 276 735 φασὶ
293 648 352 733 μὲν
369 645 432 736 γὰρ
451 643 551 715 αὐτὸν
570 645 792 736 ἐρεπτόμενον
804 647 846 717 τὰ
864 656 931 717 τῶν
949 649 1086 735 ἐχόντων

725 748 858 840 ἀνέρων.

191 870 313 937 Divites
336 870 480 938 homines
502 872 565 938 dici
587 872 620 939 οἱ
643 871 768 956 ἔχοντες
789 874 1010 963 pervulgatum
1037 887 1099 956 est,
1126 889 1159 944 at

134 968 239 1060 ἀνδρες
257 973 383 1056 ἔχοντες
404 976 459 1061 qui
480 975 593 1041 dixerit
617 976 683 1043 scio
704 977 874 1043 neminem.
919 977 1026 1062 Quare
1048 1003 1160 1048 vereor

132 1099 169 1142 ne
183 1072 304 1164 ’ἀνέρων
322 1078 444 1144 metrici
461 1079 503 1145 sit
520 1078 786 1165 supplementum,
803 1090 971 1167 postquam
985 1084 1157 1169 genuinum

133 1180 312 1246 vocabulum
330 1182 499 1248 exciderat.

188 1284 244 1350 Vs.
261 1286 355 1350 1303.
373 1308 430 1371 pro
445 1285 640 1372 Καρχηδόνα
657 1284 860 1352 scribendum
873 1287 959 1353 haud
973 1286 1067 1354 dubie
1085 1310 1159 1356 cum

132 1384 317 1453 Casaubono
351 1388 544 1475 Καλχηδόνα
586 1390 654 1456 sire
689 1389 781 1455 malis
816 1390 1020 1477 Χαλκηδόνα.
1074 1392 1158 1460 Vide

132 1489 320 1557 Boeckhium
339 1489 663 1579 Staatshaushaltung
679 1491 736 1558 der
752 1491 897 1559 Athener
914 1493 976 1560 vol.
989 1493 1018 1559 Ι.
1036 1517 1067 1581 p.
1082 1495 1157 1562 402.

566 1679 618 1735 vr.
637 1679 713 1734 1311.

177 1780 214 1870 ἢν
232 1780 263 1850 δ’
281 1780 401 1872 ἀρέσκῃ
419 1780 510 1851 ταῦτ’
522 1780 726 1871 Ἀθηναίοις,
745 1790 924 1872 καθῆσθαί
939 1810 1000 1871 μοι
1019 1787 1106 1854 δοκῶ

178 1885 209 1965 ἐς
225 1885 272 1986 τό
283 1894 424 1974 θησεῑον
441 1887 610 1967 πλεούσας
628 1882 649 1973 ἢ
665 1882 721 1954 ’πὶ
736 1893 804 1955 τῶν
822 1894 948 1973 σεμνῶν
965 1895 1066 1958 θεῶν.

188 2008 295 2075 Verba
312 2012 492 2095 καθῆσθαί
508 2032 568 2091 μοι
586 2007 674 2073 δοκοῦ
688 2030 752 2073 non
764 2008 857 2075 video
870 2009 948 2093 quid
960 2010 1046 2075 alind
1060 2010 1159 2097 signi-

131 2110 216 2176 ficare
232 2111 355 2197 possint
372 2133 468 2196 quam
486 2114 590 2177 videor
606 2112 683 2176 milri
699 2114 808 2190 redere,
827 2112 913 2196 quod
930 2135 1003 2179 cum
1020 2113 1158 2179 alienum

134 2214 170 2280 ab
185 2215 214 2281 h.
229 2214 250 2280 l.
269 2226 365 2293 esset,
384 2215 535 2281 Dawesio
552 2225 723 2301 praeeunte
742 2215 854 2302 scripsi
871 2213 1025 2302 καθῆσθ’
1042 2210 1081 2283 ἀν
1098 2240 1158 2300 μοι
1188 2257 1191 2264 ·

133 2316 226 2398 δοκῶ,
249 2322 393 2384 constitui
413 2321 523 2384 aedera.
569 2316 690 2384 Vereor
711 2321 819 2384 tamen
840 2328 876 2384 ut
894 2341 933 2384 ne
950 2317 1012 2384 hoc
1029 2318 1157 2404 quidem

134 2444 235 2508 graece
257 2421 379 2487 dictum
401 2421 456 2500 sit,
484 2430 568 2487 certe
594 2444 659 2487 non
684 2421 814 2486 memini
842 2421 929 2487 δοκοῦ
951 2421 1041 2487 aliter
1062 2443 1158 2506 quarn

134 2546 198 2590 cum
222 2527 344 2604 futuro,
376 2534 431 2591 aut
458 2546 531 2590 cum
557 2526 675 2591 aoristo
701 2523 809 2590 addita
834 2524 988 2612 particula
1015 2520 1054 2591 ἀν
1081 2547 1158 2590 con-

133 2627 264 2694 iunctum
291 2629 430 2716 reperiri.
474 2628 589 2712 Itaque
612 2632 790 2716 καθῆσθαί
816 2653 877 2712 μοι
903 2628 994 2695 δοκεῖ
1016 2627 1158 2695 scriben-

134 2730 210 2811 dum,
230 2743 267 2798 ut
284 2732 385 2798 voluit
400 2730 576 2798 Bentleius.

565 2900 615 2957 Vc.
635 2900 712 2955 1335.

198 2998 224 3074 ὦ
241 3003 372 3097 φίλτατ’
388 3002 517 3092 ἀνδρῶν
535 3002 616 3072 ἐλθὲ
635 3000 721 3092 δεῦρ’
733 3001 949 3094 Ἀγοράκριτε,

198 3106 260 3179 δ’σα
277 3136 320 3198 με
339 3111 499 3198 δέδρακας
517 3104 618 3195 ἀγάθ’
635 3105 827 3197 ἀφεψήσας.
861 3116 983 3178 ΑΓΟΡ.
1004 3109 1085 3198 ἐντός

197 3210 263 3281 ἀλλ’
281 3204 308 3280 ὦ
327 3209 396 3299 μέλ’
412 3209 470 3281 οὐκ
488 3207 579 3280 οἶσθ’
597 3209 668 3291 οἷος
685 3201 764 3300 ἦσθ’
782 3208 882 3292 αὐτὸς
899 3213 1018 3300 πάρος.

186 3335 296 3422 Inepte
315 3335 540 3422 Agoracritum
562 3333 603 3398 ad
621 3332 719 3398 Demi
742 3333 840 3400 verba
861 3333 1052 3419 respondere
1075 3331 1157 3419 ἑνός

135 3435 242 3503 dudum
259 3438 454 3503 intellectum
472 3448 521 3503 eat
538 3460 559 3501 a
576 3436 703 3502 criticis.
747 3435 857 3520 Atque
875 3434 1080 3502 Hermannus
1099 3460 1157 3523 pro

135 3560 167 3604 eo
183 3539 243 3607 ἔσω
266 3540 363 3607 scribi
385 3540 500 3619 voluit,
522 3540 555 3606 id
576 3552 612 3604 ut
634 3562 706 3606 cum
730 3534 912 3628 ἀφεψήσας
934 3538 1157 3627 coniungatur3

135 3644 183 3707 sed
198 3655 232 3709 nt
248 3645 393 3710 omittam
410 3644 493 3710 hanc
510 3643 605 3709 huius
622 3643 755 3710 voculae
773 3642 909 3708 formam
926 3665 990 3708 non
1008 3643 1158 3709 usitatam

134 3766 196 3813 esse
212 3749 313 3835 poetis
331 3748 476 3827 comicis,
498 3746 553 3832 qui
570 3757 751 3813 constanter
774 3744 854 3813 ε’ίσω
877 3746 998 3824 dicunt,
1025 3746 1158 3813 nimium

134 3862 274 3932 quantum
289 3851 420 3939 languet
432 3851 512 3917 illud
526 3848 602 3916 ἕστο.
647 3850 724 3915 Alia
736 3849 897 3936 Bergkius
910 3850 1052 3928 tentavit,
1070 3853 1158 3918 velut

135 3945 303 4042 ἀφεψήσας
334 3958 423 4035 νέον,
461 3977 525 4019 non
555 3953 689 4018 multum
722 3963 827 4017 tamen
854 3951 928 4019 huic
960 3954 1158 4020 coniecturae

133 4054 271 4125 tribuens.
316 4058 395 4124 Meo
408 4057 525 4123 iudicio
539 4053 616 4122 nihil
630 4056 813 4122 novandum
827 4068 885 4135 est,
905 4057 962 4123 aed
977 4052 1158 4146 ἀφεψήσας

131 4178 197 4222 cum
213 4161 393 4248 Agoracriti
411 4161 550 4226 oratione
568 4160 838 4246 coniungendum:

200 4258 260 4329 ὅσα
276 4289 318 4349 με
337 4263 498 4350 δέδρακας
515 4258 629 4350 ἀγάθ’.
669 4272 739 4330 ΑΓ.
764 4258 946 4351 ἀφεψήσας
964 4258 998 4328 σ”
1009 4259 1083 4348 δγτό.

897 4364 943 4430 5*
