2859 4909
288 374 332 442 52
703 383 907 453 EQUITES.

353 528 406 595 Ita
423 527 507 594 enim
527 526 652 613 scripsit
669 524 842 592 Dobraeus
860 548 900 591 ex
918 524 988 592 cod.
1003 538 1040 593 Γ.
1058 526 1092 591 in
1108 548 1173 611 quo
1189 552 1326 615 κροννο·
1371 565 1375 568 -

286 611 528 720 χυτρολήραιάή
546 639 607 710 est,
631 629 728 695 ueteri
745 628 870 694 oodiees
888 629 930 694 ad
947 652 1045 695 unum
1062 652 1172 696 omnes
1189 654 1326 717 κρουνο-

287 734 524 824 χντρολήραιον
547 727 586 799 ελ.
631 733 706 799 Vox
728 732 790 798 ista
813 732 880 797 sine
898 731 996 799 dubio
1014 745 1161 819 corrupta
1178 744 1242 813 est3
1269 735 1325 819 qui

291 839 375 906 euim
402 861 422 904 a
447 839 546 924 λήρος
571 835 763 901 adiectivum
788 836 924 921 ληραῑος
949 835 1028 923 fingi
1053 837 1176 922 potest?
1219 838 1324 905 Vetus

290 963 362 1009 esse
383 939 535 1007 mendum
556 961 596 1004 ex
617 960 656 1005 eo
677 937 862 1025 intelligitur
882 938 1053 1023 quodiam
1070 938 1230 1026 Ulpianus
1246 939 1326 1007 Ari·

288 1044 464 1132 stophanea
498 1042 676 1128 composuit
711 1063 786 1107 eum
820 1040 926 1108 verbis
960 1041 1190 1109 Demosthenis
1228 1042 1322 1111 Orat.

289 1171 322 1235 p.
344 1148 397 1226 36,
422 1147 473 1212 lt.
495 1141 556 1224 τάς
578 1142 734 1225 ἐπάλξεις
757 1142 797 1224 ἃς
819 1149 991 1229 κονιῶμεν,
1015 1147 1070 1212 καὶ
1087 1142 1149 1225 τὰς
1166 1141 1266 1225 ὁδοὺς
1283 1146 1325 1226 ἃς

290 1248 560 1332 ἐπισκευάζομεν,
587 1249 644 1314 καὶ
669 1246 788 1334 κρήνας
808 1248 864 1313 καὶ
885 1247 1014 1336 λήρους.
1058 1248 1151 1315 Haec
1171 1250 1227 1334 qui
1249 1272 1325 1315 eum

289 1354 351 1421 alio
368 1351 598 1419 Demosthenis
614 1350 685 1417 loeo
703 1373 743 1417 ex
761 1361 839 1417 orat.
858 1352 937 1440 περὶ
955 1350 1138 1432 συντάξεως
1154 1374 1186 1439 p.
1202 1353 1276 1432 175,
1290 1354 1323 1418 4.

290 1456 484 1543 comparavit
504 1454 705 1534 Dindorfius,
735 1453 879 1542 δημοσίᾳ
903 1453 963 1539 μὲν
984 1449 1004 1542 ή
1027 1454 1127 1535 πόλις
1149 1450 1240 1541 ἡμῶν
1263 1453 1325 1535 τὰς

290 1556 389 1638 ὁδοὺς
412 1554 527 1646 ἀγαπᾷ
549 1555 837 1638 κακασκεάαζουσα
858 1559 913 1624 καὶ
930 1556 1051 1645 κρήνας
1067 1560 1122 1623 καὶ
1139 1558 1325 1643 κονιάματα

289 1664 346 1729 καὶ
362 1660 497 1749 λήρους,
518 1660 651 1727 coniecit
668 1665 784 1749 κρῆναι
800 1663 857 1728 καὶ
873 1661 968 1747 λῆροι
985 1660 1221 1747 proverbialiter
1237 1663 1326 1728 dicta

290 1787 373 1832 esse.
407 1763 481 1829 Non
498 1764 602 1843 credo,
622 1763 680 1830 sed
697 1764 793 1853 λήροι
809 1764 843 1830 in
860 1772 993 1848 utroque
1007 1763 1236 1832 Demosthenis
1252 1766 1326 1831 loco

288 1867 324 1934 in
344 1867 407 1932 fine
431 1867 605 1932 sententiae
626 1867 767 1953 positum
788 1866 867 1933 nihil
884 1866 971 1932 aliud
988 1867 1145 1955 significat
1162 1890 1258 1953 quam
1277 1882 1326 1934 at-

290 1993 348 2058 qua
370 1970 449 2034 alias
472 1972 619 2045 eiusmodi
641 1971 834 2056 quisquilias.
877 1969 989 2054 Neque
1014 1981 1123 2057 aptum
1149 1981 1234 2037 esset
1260 1972 1325 2037 tale

287 2071 490 2160 proverbium
516 2071 557 2137 ad
583 2071 689 2138 locum
714 2072 954 2159 Aristophanis,
984 2074 1040 2157 qui
1071 2074 1098 2138 si
1128 2074 1203 2159 quid
1229 2074 1326 2140 video

289 2197 391 2261 aquae
413 2184 557 2262 potorem
580 2174 759 2261 significare
786 2174 898 2254 voluit,
923 2174 976 2241 eui
1001 2197 1085 2260 aqua
1109 2176 1239 2243 fontana
1264 2200 1325 2264 pro

289 2280 364 2346 vino
400 2288 495 2345 esset.
550 2275 761 2344 Scribendum
795 2278 910 2366 igitur,
949 2278 982 2342 ni
1017 2278 1196 2344 coniectura
1230 2279 1325 2358 fallit,

289 2379 640 2469 κροννοχοτρολήναιον
672 2376 712 2448 ελ.
765 2378 874 2447 Aliam
904 2379 1067 2447 Bentleius
1102 2382 1186 2447 viam
1220 2378 1324 2462 inivit,

290 2486 342 2551 eui
367 2483 725 2574 κροανοχοτρολήμαιον
753 2483 955 2550 scribendum
984 2484 1164 2563 videbatur,
1200 2485 1252 2551 cui
1283 2508 1325 2551 ex

288 2597 377 2676 parte
396 2587 508 2654 similis
527 2597 576 2653 est
593 2586 726 2675 Bergkii
748 2588 927 2654 coniectura
944 2588 1324 2676 κρονικοχυτρολημαῖος.

740 2789 791 2846 Vs.
810 2791 869 2846 163.

331 2909 392 2992 τὰς
410 2917 523 2995 στίχας
541 2908 621 3002 δρᾷς
637 2909 698 2992 τὰς
714 2913 819 2980 τῶνδε
835 2918 901 2979 τῶν
918 2914 1022 2996 lusia·
1060 2922 1167 2982 AAA.
1191 2908 1270 3001 ὃριῦ.

354 3048 451 3133 Quod
474 3048 616 3115 Cobetus
639 3050 804 3116 verissime
827 3050 989 3130 observat,
1011 3050 1255 3117 Homerieorum
1276 3051 1325 3118 lo-

289 3176 398 3221 corum
415 3152 605 3219 imitationes
624 3174 720 3239 saepe
739 3154 849 3220 doctos
870 3152 1014 3220 homines
1037 3154 1174 3241 fugisse,
1206 3153 1239 3218 id
1259 3154 1324 3241 ipsi

289 3280 362 3326 eum
380 3256 450 3324 aliis
468 3254 584 3337 locis*)
602 3265 670 3320 tum
687 3254 837 3323 hocloco
854 3257 978 3323 accidit.
1020 3255 1103 3340 Quis
1121 3258 1204 3322 enim
1221 3259 1324 3324 neseit

288 3360 369 3440 illud
394 3359 434 3425 Il.
460 3357 521 3437 IV,
549 3357 601 3424 90.
633 3359 723 3424 λαιάν
751 3363 858 3441 στίχες
884 3353 1095 3439 άοπιστάιον,
1128 3361 1184 3443 qui
1209 3383 1323 3427 versus

288 3448 458 3530 manifesto
484 3460 712 3528 obversabatur
734 3458 956 3548 Aristophani,
983 3462 1128 3529 eonsulto
1155 3473 1186 3527 et
1212 3462 1264 3530 hio
1291 3474 1324 3529 et

288 3588 335 3632 vs.
356 3565 428 3632 159.
451 3575 483 3631 et
506 3564 580 3631 164.
601 3564 845 3652 grandiloquum
867 3575 1031 3651 poetarum
1054 3587 1231 3632 sermonem
1253 3566 1326 3631 imi·

288 3669 376 3733 tanti.
419 3667 525 3734 Nolim
547 3668 644 3760 igitur
665 3691 724 3755 pro
746 3669 834 3733 λαιάν
851 3667 1060 3755 An'stophani
1077 3667 1240 3756 vulgarem
1258 3668 1326 3735 for·

289 3792 375 3835 mam
393 3771 474 3836 λειῦν
492 3770 670 3837 obtrudere.

357 3989 387 4061 1)
404 3989 438 4043 Ε.
451 4006 475 4043 e.
489 3990 565 4059 apud
578 3989 736 4046 Lueianum
749 3990 875 4060 XXXII,
890 3991 932 4045 14.
945 3989 997 4046 τὸν
1010 3975 1324 4063 ἅρτιγεννήτσνέλοκλη·

288 4074 364 4140 usta,
383 4073 425 4130 δὶα
438 4075 587 4141 τεχθέντα,
606 4071 654 4131 ὅτι
668 4075 745 4131 ἄλλοι
758 4073 835 4139 ἅπαξ
843 4075 964 4131 τίκτοντ’
975 4075 1122 4151 ἇθριοποι,
1140 4075 1189 4130 ubi
1198 4076 1323 4132 Cobetus

287 4161 322 4218 V.
332 4159 367 4214 L.
381 4179 408 4233 p.
421 4159 482 4214 294.
497 4158 573 4215 delet
586 4161 674 4217 verba
687 4158 735 4217 ὅτε
748 4194 783 4204 -
796 4160 961 4235 ἅνθρωποι,
980 4178 1053 4233 quas
1067 4178 1102 4216 ex
1115 4159 1216 4233 Odyss·
1229 4164 1268 4231 μ’.
1278 4163 1323 4217 22.

285 4247 454 4305 adumbrata
462 4250 528 4301 sunt
537 4245 690 4314 δισθανέες,
709 4243 757 4303 ὅτι
766 4246 790 4303 τ’
801 4245 878 4302 ἄλλοι
887 4242 964 4310 ἅπαξ
974 4246 1123 4316 θνήσκονά
1134 4246 1296 4319 ἅνθρωποι.
