2859 4909
317 378 381 443 114
451 342 456 352 ’
770 383 891 441 Avus.

758 521 807 578 Vs.
826 522 903 577 1446.

422 630 552 718 λόγοισί
567 624 652 717 τόρα
669 630 726 694 καὶ
743 632 957 716 πτεροῦνταις
1001 639 1041 695 Π.
1065 625 1146 717 φήμ’
1164 626 1240 715 lysi.

380 750 605 841 Sycophantae
626 748 707 815 haec
727 746 825 814 verba
846 755 934 827 sunt,
962 759 1111 838 tanquam
1137 748 1180 814 de
1206 771 1242 816 re
1266 772 1344 815 nova

312 854 535 944 interrogantis
556 864 589 920 et
609 852 701 939 quasi
727 873 812 919 nunc
837 851 967 918 demum
991 852 1178 919 rescisceret
1203 852 1341 919 homines

314 957 512 1028 sermonibus
529 955 630 1024 alatos
647 955 732 1035 lieri3
750 955 838 1040 atqui
855 953 889 1021 id
901 954 964 1022 iam
978 954 1100 1022 dudum
1113 980 1133 1021 a
1146 954 1341 1032 Pisthetaero

311 1072 517 1151 compererat.
560 1058 697 1127 Prorsus
715 1057 826 1127 similis
842 1080 949 1126 rerum
965 1054 1065 1126 facies
1085 1058 1182 1126 1542.
1201 1059 1257 1126 ubi
1273 1058 1341 1125 huic

315 1165 511 1233 simillimum
527 1162 627 1231 habes
645 1184 787 1230 versum:

418 1263 551 1337 ἅπαντά
567 1261 638 1356 τᾶρ’
654 1261 745 1353 αότῷ
761 1263 928 1350 uuunder,-
971 1275 1039 1334 ΠΡ.
1062 1260 1143 1355 φήμ’
1161 1264 1237 1353 ἐγώ.

309 1373 365 1459 qui
378 1373 407 1440 si
418 1372 545 1439 deesset
558 1394 580 1438 a
590 1369 717 1438 nemine
728 1368 969 1436 desideraretur.
995 1368 1127 1436 Perrem
1139 1368 1224 1438 hanc
1237 1368 1339 1455 loqur.

309 1476 437 1543 citatem
457 1476 491 1542 in
513 1473 641 1542 homine
661 1471 765 1558 qualis
785 1470 945 1560 Elepyms
968 1483 1017 1539 est
1042 1472 1076 1539 in
1098 1471 1335 1549 Ecclesiaausia

309 1601 374 1647 non
398 1578 475 1645 item
500 1576 534 1644 in
564 1575 761 1665 sycophanta
786 1585 818 1643 et
843 1573 1052 1644 Pistbetaero.
1096 1574 1277 1646 Delendine
1300 1598 1337 1644 an

309 1679 458 1750 uenandi
476 1680 539 1747 sint
554 1678 601 1745 illi
618 1699 730 1746 versus
747 1700 812 1745 non
828 1676 1021 1758 discernam,
1040 1678 1102 1747 hoc
1118 1690 1227 1748 tamen
1243 1688 1335 1746 atten-

310 1786 385 1852 dere
407 1783 503 1850 velim
527 1782 664 1863 criticos,
688 1780 807 1849 abolito
828 1803 877 1848 vs.
897 1780 991 1850 1542.
1014 1784 1182 1867 sequeutia
1200 1777 1240 1870 ἥν
1260 1777 1334 1870 γ’ἢν

309 1884 351 1955 σὺ
368 1881 447 1976 παρ’
464 1883 586 1954 ἐκείνου
604 1883 811 1974 παραλάβῃς,
830 1884 991 1970 aliquanto
1008 1884 1122 1954 melius
1136 1887 1225 1954 etad
1236 1910 1333 1976 gram·

308 1990 455 2058 maticam
476 1988 629 2056 rationem
650 1987 787 2055 fortasse
806 1987 923 2055 rectius
945 1988 1096 2078 coniungi
1118 2012 1194 2058 cum
1210 1989 1332 2058 Prome·

307 2094 372 2164 thei
389 2092 535 2163 versibus
552 2092 608 2178 qui
624 2092 767 2182 proxime
786 2091 984 2159 antecedunt.

749 2234 800 2292 Vs.
819 2235 896 2291 1506.
1294 2276 1297 2279 -

393 2340 463 2412 ἀπὸ
481 2341 544 2432 γάρ
561 2337 593 2428 μ’
611 2336 711 2422 ὀλεῖς,
730 2340 764 2408 sl
778 2336 810 2426 μ’
828 2336 946 2408 ἐνθάδ’
963 2336 982 2408 ὀ
999 2338 1082 2422 Ζεὺς
1099 2337 1233 2431 ὄψεται.
1303 2396 1320 2402 ¹·

370 2465 423 2532 Ita
443 2463 524 2531 haec
545 2461 667 2531 correxi
684 2462 760 2530 olim
779 2460 857 2530 Cur.
875 2463 942 2530 crit.
960 2483 991 2549 p.
1013 2462 1063 2530 15.
1082 2486 1142 2532 nec
1160 2476 1247 2533 muto
1264 2485 1327 2534 sen-

304 2568 446 2636 tentiam.
490 2565 658 2633 Praecedit
678 2562 726 2653 μὴ
746 2565 839 2634 κάλει
859 2589 923 2651 μου
945 2563 1101 2652 τοῦνομα.
1144 2569 1257 2656 Itaque
1272 2568 1327 2635 hcc

303 2672 380 2739 dicit
401 2672 514 2738 occidet
535 2693 583 2736 me
605 2692 713 2735 nomeu
730 2691 830 2736 meum
847 2672 1043 2738 nominande.
1088 2670 1253 2741 Audacius
1271 2670 1327 2738 Co·

303 2774 396 2840 betus
420 2767 489 2839 ἀπὸ
511 2770 574 2859 γὰρ
597 2766 705 2839 ὄλωλ’.
749 2771 859 2860 Vulgo
879 2773 995 2861 legitur
1020 2769 1090 2842 ὀπό
1112 2773 1177 2866 γὰρ
1200 2771 1323 2855 ὀλέσας,

303 2877 385 2944 Rav.
405 2870 475 2942 ἀπὸ
492 2874 555 2963 γάρ
572 2869 604 2960 μ’
622 2869 741 2942 ὀλέσει.

746 3018 796 3075 Vs.
816 3019 892 3075 1561.

518 3118 632 3215 ὥσπερ
650 3119 734 3191 ποθ’
751 3119 935 3205 Οόὀυσσεός
952 3121 1117 3214 ἀπῆλθεν.

367 3245 499 3315 Certum
513 3254 562 3311 est
575 3239 730 3332 ἀπῆλθεν
744 3256 925 3333 corruptum
938 3267 1024 3326 esse3
1043 3244 1148 3337 ὀπῇσε
1156 3246 1323 3338 corrigebat

300 3350 423 3438 Helbig
446 3348 481 3415 in
501 3346 613 3415 Jahrb.
636 3347 660 3414 f.
683 3348 777 3415 class.
800 3346 884 3414 Phil.
908 3347 1002 3416 1861.
1023 3372 1056 3438 p.
1078 3350 1153 3420 537.
1181 3357 1322 3440 καθῆστο

299 3454 446 3522 chkius
464 3451 514 3520 cll.
534 3448 655 3539 Odyss.
676 3453 727 3531 11,
745 3452 800 3519 49.
818 3461 850 3519 et
867 3452 920 3519 82.
963 3453 1056 3520 Idem
1076 3478 1153 3522 mox
1169 3480 1216 3525 vs.
1236 3452 1322 3521 1563.

299 3581 412 3645 parum
428 3553 633 3644 probabiliter
649 3558 745 3640 θῦμα
762 3555 896 3621 coniecit
913 3578 971 3643 pro
990 3557 1123 3645 λαῑγμα.

742 3706 793 3764 Vs.
812 3706 889 3764 1672.

436 3808 504 3879 ἀλλ’
520 3808 559 3900 ἢν
575 3808 654 3898 μεθ’
669 3808 761 3901 ἡμῶν
778 3802 831 3901 ᾗς,
850 3814 1045 3903 καταστήσω
1065 3811 1093 3885 c'
1109 3813 1172 3905 dyo)
1276 3885 1277 3894 ,
1353 3791 1355 3798 .

434 3915 603 4000 τύραννον,
623 3912 769 4002 ὀρνίθων
786 3919 920 4006 παρέξω
940 3942 996 3986 σοι
1011 3918 1108 4006 γάλα.
1311 3988 1314 3994 ,

360 4036 1008 4125 Nullcpactoferendumeratasyndeton.
1045 4034 1315 4128 occubuerat.

298 4145 405 4230 Quare
422 4149 477 4208 aut
493 4162 530 4205 aa
546 4148 620 4226 post
638 4133 783 4227 ὀρνίθων
801 4141 957 4209 excidisse
975 4143 1132 4230 auspicor,
1156 4156 1210 4211 aut
1224 4160 1315 4210 κασα-

296 4247 420 4338 στήσας
437 4238 465 4312 o’
483 4239 547 4329 ἐγώ
566 4241 767 4309 scribendum
785 4255 843 4312 est.
887 4244 1029 4312 Praetuli
1047 4246 1188 4316 alterum.
