2859 4909
513 346 637 404 nvsss.
1051 332 1093 399 89
1110 427 1115 434 „

94 486 240 572 graecitatis
266 486 411 575 δημοσίᾳ
435 487 625 574 postulantis
649 510 728 554 usus
750 485 894 553 laeditur.
938 486 1038 553 Recte
1058 488 1093 554 id

93 589 214 654 intellexit
247 589 403 671 Cebetas,
439 592 518 656 nihil
551 603 658 657 tumen
691 591 762 678 ipse
796 590 937 657 tentavit.
987 588 1094 657 Credo

93 692 209 778 equidem
246 691 393 780 δημόθεν
434 694 599 781 scripsisse
634 692 904 780 Aristophanem,
947 695 1092 780 impensis

89 796 206 882 pollini,
233 797 500 881 quemadmodum
526 796 688 864 Homerus
716 792 837 882 Odyss.
860 820 889 876 τ,
915 796 987 864 197.
1013 797 1092 863 dixit

41 891 42 924 ³
92 896 210 985 δημόθεν
239 896 366 988 tilpino
401 901 493 967 δῶκα
522 901 578 966 καὶ
614 901 749 982 αἴθοπα
785 893 872 966 οἶνον
907 896 1091 989 ἇγείρας.”)

41 1035 42 1086 3
91 1001 175 1085 Neque
187 1000 224 1067 ab
237 1002 333 1069 uttioo
350 1026 412 1070 usu
428 1003 512 1070 huno
528 1003 664 1070 formum
680 1001 815 1068 alienum
833 1023 905 1068 esse
923 1004 1093 1071 ostendunt

91 1103 209 1171 adverbia
224 1105 413 1194 πατρόθεν,
435 1106 604 1196 μητρόθεν
621 1105 693 1173 aliu.
739 1102 806 1189 Qui
821 1104 976 1171 Brunokii
996 1108 1093 1173 ratio-

91 1229 143 1272 nem
154 1209 225 1274 tueri
237 1209 359 1290 volent,
378 1209 521 1298 speciose
537 1210 584 1275 uti
601 1218 749 1297 poterunt
762 1207 847 1294 quod
860 1206 1091 1297 Aristophanes

91 1309 146 1375 Pae.
168 1310 236 1378 585.
264 1312 410 1401 exemplo
441 1311 520 1379 dixit
550 1313 643 1379 unioo
676 1312 735 1379 sed
765 1311 961 1397 aliquantum
985 1321 1092 1379 temen

91 1412 189 1479 diverso
213 1413 371 1498 δαιμόνια
391 1415 592 1500 βουλόμενος
615 1414 663 1495 εἷς
686 1411 786 1504 ἀγρὸν
809 1411 1006 1504 ἀνερπύσαι,
1033 1439 1091 1505 pro

91 1517 178 1582 usitato
194 1516 382 1602 δαιμονίως.

508 1686 559 1744 Vs.
577 1687 639 1742 418.

263 1792 328 1880 ὁρᾷ
345 1817 378 1859 τι
396 1792 510 1881 κέρδος
529 1787 646 1859 ἐνθάδ’
662 1790 756 1874 δὶξιον
773 1798 884 1881 μονῆς,

263 1890 332 1982 ὅτῳ
350 1890 493 1963 πέποιθ’
510 1894 585 1979 ἐμοὶ
603 1892 706 1977 ξυνὼν

260 2011 394 2088 κρατεῖν
412 1995 452 2066 ἂν
470 1992 491 2085 ἢ
508 1994 565 2065 τὸν
585 1995 705 2086 ἐχθρὸν
723 1995 745 2087 ἢ

262 2104 413 2191 φίλοισιν
432 2096 574 2191 ὠφελεῖν
592 2100 692 2184 exere,-

135 2219 226 2288 Aliter
245 2222 326 2290 haee
348 2220 556 2290 describenda
578 2244 649 2302 esse
671 2223 842 2289 ostendunt
863 2244 945 2309 qune
967 2221 1017 2290 his
1035 2245 1093 2309 op-

92 2324 154 2405 ponit
167 2325 284 2415 Epops,
304 2325 395 2393 euius
414 2325 512 2392 verba
529 2325 573 2391 itu
594 2325 678 2391 edite
696 2336 772 2392 sunt
787 2350 807 2391 u
823 2324 1005 2391 Dindorfio:

263 2450 352 2534 λέγει
369 2450 470 2534 μέγαν
487 2440 545 2513 τιν’
562 2442 660 2531 ι’)’λβον
678 2444 736 2513 oii-
819 2507 826 2524 ,

42 2531 43 2620 l
262 2574 300 2616 τε
317 2547 429 2617 λεκτὸν
447 2544 523 2617 οὕτε
540 2548 675 2617 πιστόν·
695 2546 742 2628 ὥς

264 2649 309 2720 σὰ
326 2658 432 2720 ταῦτα
449 2651 560 2719 πάντα
577 2652 633 2719 καὶ

263 2753 303 2822 τὸ
321 2756 399 2844 τῇδε
416 2758 470 2822 καὶ
488 2753 527 2823 τὸ
545 2767 633 2823 κεῖσε
650 2758 707 2822 καὶ

43 2901 44 2984 ρ
263 2855 303 2927 τὸ
323 2858 423 2947 δεῦρο
440 2864 613 2947 προσβιβᾷ
630 2860 743 2945 λέγων.

135 2976 174 3043 Ut
201 3002 309 3065 parem
341 2980 466 3066 utrique
497 2979 645 3066 strophae
670 2978 901 3046 troehaieorum
927 3002 1093 3045 nnmerum

43 3097 44 3146 l
91 3080 258 3149 restituerent
283 3083 336 3148 ulii
362 3106 411 3149 vs.
432 3083 508 3149 422.
536 3084 637 3169 λέγει,
665 3082 825 3172 Bergkins
851 3092 957 3149 nutem
978 3081 1094 3148 Philol.

43 3203 44 3278 3
92 3177 161 3249 XIV.
189 3208 220 3273 p.
250 3186 322 3252 183.
354 3186 528 3253 novissime
556 3186 634 3252 426.
664 3188 766 3273 λέγων
793 3186 891 3252 deleri
916 3184 1094 3252 voluerunt.

44 3355 45 3378 ζ
91 3280 187 3353 Horum
208 3312 270 3377 ego
290 3311 393 3375 noque
415 3289 477 3355 hoo
498 3311 601 3374 neque
623 3288 703 3355 illud
724 3289 799 3355 ferri
820 3310 915 3376 posse
937 3288 1095 3368 existimo,

44 3387 45 3420 ³
92 3385 233 3477 titiumque
256 3393 359 3478 potius
381 3392 416 3458 in
438 3391 605 3480 strophieis
622 3391 768 3459 versibus
787 3392 882 3459 situm
899 3412 971 3457 esse
989 3390 1093 3457 eredo.

44 3563 45 3566 Ἴ
91 3484 229 3561 Praeterea
250 3517 297 3562 vs.
314 3496 389 3563 424.
411 3517 522 3562 omnes
542 3494 615 3561 libri
637 3504 670 3561 et
688 3494 786 3563 sohol.
805 3494 847 3561 nd
864 3518 912 3561 vs.
929 3492 1003 3560 348.
1022 3501 1096 3581 post

44 3667 46 3696 k
92 3585 303 3669 irrumpent
319 3599 397 3687 γάρ,
420 3598 506 3685 quod
529 3598 701 3664 sententiae
719 3597 932 3686 aptissimum,
955 3597 1019 3664 imo
1041 3619 1096 3665 ne-

45 3723 46 3804 ρ
91 3697 233 3765 ursanum
251 3712 308 3768 est.
354 3700 564 3769 scribendum
582 3701 721 3768 videtur:

45 3815 46 3880 l
223 3827 290 3887 XO.
309 3816 423 3911 lippire
440 3822 555 3909 κέρδος
572 3817 691 3889 ἐνθάδ’
711 3816 751 3887 δὶ-

173 3909 177 3921 ’
310 3926 381 4006 ξιον
398 3930 513 4011 μονῆς,
535 3920 601 4012 ὅτῳ
621 3920 763 3993 πέποιθ’

309 4026 383 4111 ἐμοὶ
402 4027 549 4108 ξύνοικος
567 4024 613 4096 (δν
632 4023 685 4094 niel

46 4147 47 4172 l
93 4147 276 4167 “’·-----

139 4210 165 4282 e)
182 4212 260 4268 Idem
268 4229 339 4270 nuno
349 4215 470 4271 coniecit
477 4214 613 4270 Kookius.

46 4295 47 4316 i
431 4317 434 4326 n

46 4333 47 4388 l
