2859 4909
522 384 645 441 Avus.
1040 371 1102 437 107

80 523 160 613 εἰμὴ
182 522 319 615 ’τέρωσε
342 525 602 614 συκοφαντήσεις
628 530 760 614 τρέχων.
804 528 975 615 Ingeniose
997 536 1103 592 tamen

81 631 228 718 Bergkius
247 630 381 696 coniecit
396 628 694 718 χρησμολεοχήσας
710 634 842 719 τρέχων.

130 734 191 799 Vs.
222 734 296 800 993.
328 718 500 821 legeriduru
531 733 676 799 Bentleio
706 745 877 820 praeeunte
907 738 942 800 τί
973 733 1031 800 δαὶ
1061 728 1100 799 σὺ

83 836 209 924 δράσων.

467 1005 517 1061 Vs.
536 1006 612 1060 1011.
632 1007 708 1060 1015.

500 1108 590 1179 otot’
609 1107 681 1199 ὁτιὴ
702 1113 791 1201 φιλῶ
810 1108 838 1180 0³
855 1111 929 1198 ἐγώ,

218 1211 321 1301 κάμολ
339 1215 528 1300 πιθόμενος
545 1210 746 1283 ὑπαποκίνει
763 1221 821 1302 τῆς
839 1211 929 1282 ὁδοῦ.

136 1335 323 1402 Pisthetaeri
345 1337 425 1402 haec
451 1335 549 1402 verba
575 1345 648 1402 sunt
671 1336 712 1402 ad
734 1336 914 1414 Metonem,
941 1334 996 1420 qui
1017 1335 1102 1400 uude

87 1439 153 1503 scire
172 1440 308 1526 potuerit
328 1440 520 1506 Pisthetueri
541 1462 694 1520 umorem,
718 1462 757 1506 eo
778 1440 883 1505 minus
905 1438 1102 1525 perspicitur,

87 1565 145 1606 cum
169 1543 386 1609 Pisthetaerus
411 1567 459 1609 vs.
483 1543 557 1610 997.
584 1543 704 1609 nullam
732 1566 766 1609 se
792 1542 933 1608 Metonis
959 1542 1103 1608 notitiam

87 1643 187 1712 habere
204 1646 286 1712 clare
304 1647 499 1712 indicaverit.
545 1645 666 1733 Scripsi
684 1647 782 1735 igitur
802 1641 887 1713 'tce'
909 1640 994 1734 ὁτιὴ
1013 1646 1103 1734 φιλοῖ

90 1743 111 1812 r'
129 1746 202 1834 ἐγώ,
225 1754 300 1816 scito
317 1774 365 1816 me
384 1763 411 1815 te
428 1774 546 1829 ama-re,
569 1750 675 1835 itaque
693 1760 728 1815 tu
746 1750 886 1815 vicissim
909 1749 985 1815 mihi
1007 1749 1105 1837 grati·

90 1851 177 1917 ficare.
219 1854 258 1918 In
286 1853 492 1938 sequentibus
518 1877 576 1941 pro
603 1849 687 1921 ἀλλὰ
714 1858 803 1931 πῶς,
839 1875 920 1938 quae
948 1862 1105 1919 structura

92 1956 234 2036 excidunt,
259 1957 462 2024 scribendum
480 1953 564 2024 άλλά
582 1982 657 2037 πως
673 1958 828 2042 locusque
845 1956 890 2021 ita
908 1957 1105 2043 distinguen-

92 2056 141 2124 dus
157 2071 215 2126 est:

182 2178 226 2264 μὰ
242 2179 300 2249 τὸν
320 2178 374 2249 Δί’
392 2177 430 2247 οὗ
449 2177 533 2269 δῆτ’·
553 2177 637 2247 άλλά
655 2206 730 2261 πως
748 2175 966 2265 ὁμοθυμαδὸν

184 2285 318 2353 σποδεῖν
338 2280 487 2365 ἅπαντας
505 2282 583 2364 τοὺς
605 2280 766 2366 ἀλαζόνας
784 2283 884 2350 δοκεῖ.

20 2511 23 2520 .
515 2464 564 2519 Vs.
584 2464 662 2518 1052.

20 2583 25 2654 j
186 2564 299 2635 ἀπολῶ
318 2593 356 2636 σε
374 2572 430 2635 καὶ
446 2569 568 2657 γράψω
588 2594 625 2637 σε
642 2574 763 2655 μυρίας
782 2563 929 2655 δραχμὰς
945 2604 989 2613 -

20 2657 24 2682 ⁵
149 2686 327 2755 Rectissime
350 2690 389 2756 de
412 2689 474 2756 hoc
491 2712 586 2756 versu
604 2689 713 2754 statuit
730 2688 876 2754 Kockius
883 2713 892 2766 3
915 2697 999 2753 recte
1021 2687 1107 2752 idem

18 2757 24 2896 ἔ
103 2803 257 2873 sequentem
288 2816 417 2859 versum
446 2788 585 2880 μέμνηο’
615 2787 671 2859 ὅτε
701 2798 760 2879 τῆς
790 2790 910 2879 στήλης
936 2792 1107 2869 κατετίλας

19 2919 24 3006 ρ
104 2885 232 2983 ἕοπέραςς
248 2897 558 2998 psephismatopolae
576 2895 778 2962 tribuendum
796 2918 867 2962 esse
884 2895 1054 2983 perspexit.

19 3013 30 3136 t

490 3092 566 3147 ‚vs
586 3092 663 3147 1065.
739 3051 743 3058 ⁴

18 3139 25 3310 λ
521 3202 633 3285 γένναν

19 3313 23 3326 “
186 3306 314 3391 θηρῶν,
335 3305 369 3369 οἳ
386 3298 481 3369 πάντ’
499 3299 532 3368 ἒν
550 3306 630 3389 γαίᾳ

187 3402 218 3470 ir
234 3407 373 3485 κάλυκος
392 3401 611 3489 αὐξανόμενον
628 3443 671 3451 -

19 3483 28 3714 ι
188 3508 332 3595 δένδρεσί
347 3504 375 3576 τ’
393 3507 574 3597 ἐφεζόμενα
590 3503 718 3595 καρπὸν
737 3501 973 3590 ἀποβόσκεται.
1071 3499 1073 3504 ’

150 3624 239 3695 Recte
255 3629 437 3695 Bruuckius
457 3627 478 3694 ἃ
497 3629 622 3715 scripsit
638 3650 696 3714 pro
715 3630 761 3707 οἳ,
787 3639 818 3692 et
835 3626 1005 3694 Dobraeus
1028 3624 1110 3716 ἐφή-

20 3717 25 3758 ²
106 3747 165 3802 usa
189 3754 243 3817 pro
274 3731 465 3821 ἒφεζόμενα.
509 3731 591 3798 Mox
621 3740 796 3816 sequuntur
827 3754 874 3796 vs.
904 3731 999 3797 1070.
1030 3731 1110 3797 haee

107 3822 201 3913 ἑρπετά
229 3861 265 3902 τε
295 3838 351 3902 καὶ
383 3835 504 3903 δάκετα
535 3830 643 3902 πάνθ’
669 3829 797 3922 ὅσαπερ
829 3832 917 3901 ἐστὶν
944 3829 1004 3901 ὕπ’
1029 3832 1111 3919 ἐμᾶς

107 3938 238 4023 πτέρυγος
256 3937 290 4006 ἐκ
308 3950 429 4027 φοναῖς
447 3935 590 4016 ὄλλυται,
610 3939 643 4003 in
660 3936 776 4023 quibus
791 3960 889 4021 quum
904 3938 982 4003 mihi
995 3940 1111 4004 mirum

108 4052 158 4101 esse
172 4041 338 4120 videretur,
365 4043 489 4129 reptilia
507 4041 700 4107 avicularum
719 4041 777 4106 ulis
795 4041 928 4107 interfici
951 4041 1026 4120 dici,
1052 4064 1111 4129 pro

107 4144 238 4229 πτέρυγος
268 4147 373 4233 potius
406 4145 555 4235 φάρυγος
586 4144 789 4210 scribendum
824 4167 895 4212 esse
931 4145 1111 4232 suspicatus

108 4260 167 4308 sum.
