<?xml version="1.0" encoding="UTF-8"?>
<!DOCTYPE html PUBLIC "-//W3C//DTD XHTML 1.0 Transitional//EN"
    "http://www.w3.org/TR/xhtml1/DTD/xhtml1-transitional.dtd">
<html xmlns="http://www.w3.org/1999/xhtml" xml:lang="en" lang="en">
 <head>
  <title>
</title>
<meta http-equiv="Content-Type" content="text/html;charset=utf-8" />
  <meta name='ocr-system' content='tesseract 3.04.00' />
  <meta name='ocr-capabilities' content='ocr_page ocr_carea ocr_par ocr_line ocrx_word'/>
</head>
<body>
  <div class='ocr_page' id='page_1' title='image "./vindiciarumaris00meingoog_0078.png"; bbox 0 0 2859 4909; ppageno 0'>
   <div class='ocr_carea' id='block_1_1' title="bbox 292 382 913 464">
    <p class='ocr_par' dir='ltr' id='par_1_1' title="bbox 292 382 913 464">
     <span class='ocr_line' id='line_1_1' title="bbox 292 382 913 464; baseline 0.006 -15"><span class='ocrx_word' id='word_1_1' title='bbox 292 382 338 449; x_wconf 86' lang='grc'>60</span> <span class='ocrx_word' id='word_1_2' title='bbox 710 397 913 464; x_wconf 79' lang='lat' dir='ltr'><strong>EQUITES.</strong></span> 
     </span>
    </p>
   </div>
   <div class='ocr_carea' id='block_1_2' title="bbox 291 534 1334 1031">
    <p class='ocr_par' dir='ltr' id='par_1_2' title="bbox 291 534 1334 1031">
     <span class='ocr_line' id='line_1_2' title="bbox 293 534 1329 626; baseline 0.002 -24"><span class='ocrx_word' id='word_1_3' title='bbox 293 535 339 603; x_wconf 90' lang='lat' dir='ltr'>let</span> <span class='ocrx_word' id='word_1_4' title='bbox 355 547 449 624; x_wconf 86' lang='lat' dir='ltr'>poeta</span> <span class='ocrx_word' id='word_1_5' title='bbox 465 539 528 605; x_wconf 91' lang='lat' dir='ltr'>nisi</span> <span class='ocrx_word' id='word_1_6' title='bbox 544 539 578 604; x_wconf 94' lang='lat' dir='ltr'>in</span> <span class='ocrx_word' id='word_1_7' title='bbox 596 561 741 606; x_wconf 83' lang='lat' dir='ltr'>sermone</span> <span class='ocrx_word' id='word_1_8' title='bbox 755 540 920 619; x_wconf 86' lang='lat' dir='ltr'>concitato,</span> <span class='ocrx_word' id='word_1_9' title='bbox 937 538 1035 604; x_wconf 82' lang='lat' dir='ltr'>veluti</span> <span class='ocrx_word' id='word_1_10' title='bbox 1049 534 1176 626; x_wconf 72' lang='grc' dir='ltr'><strong><em>άρθητε</em></strong></span> <span class='ocrx_word' id='word_1_11' title='bbox 1189 536 1329 626; x_wconf 86' lang='grc' dir='ltr'><strong><em>φάνητε,</em></strong></span> 
     </span>
     <span class='ocr_line' id='line_1_3' title="bbox 297 640 1333 730; baseline -0.002 -22"><span class='ocrx_word' id='word_1_12' title='bbox 297 641 428 729; x_wconf 88' lang='grc' dir='ltr'><strong><em>φράσον</em></strong></span> <span class='ocrx_word' id='word_1_13' title='bbox 450 641 597 723; x_wconf 76' lang='grc' dir='ltr'><strong><em>δίδαξον,</em></strong></span> <span class='ocrx_word' id='word_1_14' title='bbox 617 643 720 730; x_wconf 82' lang='grc' dir='ltr'><strong><em>χώρει</em></strong></span> <span class='ocrx_word' id='word_1_15' title='bbox 740 642 845 722; x_wconf 76' lang='grc' dir='ltr'><strong><em>κάθες</em></strong></span> <span class='ocrx_word' id='word_1_16' title='bbox 866 652 926 709; x_wconf 86' lang='lat' dir='ltr'>etc.</span> <span class='ocrx_word' id='word_1_17' title='bbox 971 642 1081 728; x_wconf 85' lang='lat' dir='ltr'>Neque</span> <span class='ocrx_word' id='word_1_18' title='bbox 1105 640 1162 708; x_wconf 75' lang='lat' dir='ltr'>aa</span> <span class='ocrx_word' id='word_1_19' title='bbox 1180 642 1258 707; x_wconf 87' lang='lat' dir='ltr'>satis</span> <span class='ocrx_word' id='word_1_20' title='bbox 1276 642 1333 706; x_wconf 88' lang='lat' dir='ltr'>in-</span> 
     </span>
     <span class='ocr_line' id='line_1_4' title="bbox 296 744 1334 832; baseline -0.001 -22"><span class='ocrx_word' id='word_1_21' title='bbox 296 744 416 832; x_wconf 83' lang='lat' dir='ltr'>telligo.</span> <span class='ocrx_word' id='word_1_22' title='bbox 461 744 569 829; x_wconf 84' lang='lat' dir='ltr'><strong>Quare</strong></span> <span class='ocrx_word' id='word_1_23' title='bbox 591 745 792 814; x_wconf 86' lang='lat' dir='ltr'>scribendum</span> <span class='ocrx_word' id='word_1_24' title='bbox 813 769 885 814; x_wconf 91' lang='lat' dir='ltr'>esse</span> <span class='ocrx_word' id='word_1_25' title='bbox 908 745 1052 832; x_wconf 83' lang='lat' dir='ltr'>suspicor</span> <span class='ocrx_word' id='word_1_26' title='bbox 1073 747 1334 831; x_wconf 79' lang='grc' dir='ltr'><strong><em>παραπέμψατέ</em></strong></span> 
     </span>
     <span class='ocr_line' id='line_1_5' title="bbox 292 843 1333 938; baseline -0.002 -23"><span class='ocrx_word' id='word_1_27' title='bbox 292 843 334 914; x_wconf 72' lang='grc' dir='ltr'>θ’</span> <span class='ocrx_word' id='word_1_28' title='bbox 360 846 472 915; x_wconf 68' lang='grc' dir='ltr'><strong><em>ἕνδεκα</em></strong></span> <span class='ocrx_word' id='word_1_29' title='bbox 501 849 650 930; x_wconf 86' lang='grc' dir='ltr'><strong><em>κώνταις,</em></strong></span> <span class='ocrx_word' id='word_1_30' title='bbox 687 851 755 917; x_wconf 84' lang='lat' dir='ltr'>sive</span> <span class='ocrx_word' id='word_1_31' title='bbox 785 850 877 916; x_wconf 87' lang='lat' dir='ltr'>malis</span> <span class='ocrx_word' id='word_1_32' title='bbox 903 852 1155 938; x_wconf 79' lang='grc' dir='ltr'><strong><em>παραιτέμψατέ</em></strong></span> <span class='ocrx_word' id='word_1_33' title='bbox 1178 844 1210 914; x_wconf 79' lang='grc' dir='ltr'>τ’</span> <span class='ocrx_word' id='word_1_34' title='bbox 1237 845 1333 914; x_wconf 75' lang='grc' dir='ltr'><strong><em>ἐννέα</em></strong></span> 
     </span>
     <span class='ocr_line' id='line_1_6' title="bbox 291 975 434 1031; baseline 0 -14"><span class='ocrx_word' id='word_1_35' title='bbox 291 975 434 1031; x_wconf 83' lang='grc' dir='ltr'><strong><em>κωιταις.</em></strong></span> 
     </span>
    </p>
   </div>
   <div class='ocr_carea' id='block_1_3' title="bbox 321 1140 1291 1334">
    <p class='ocr_par' dir='ltr' id='par_1_3' title="bbox 321 1140 1291 1334">
     <span class='ocr_line' id='line_1_7' title="bbox 749 1140 877 1197; baseline -0.023 0"><span class='ocrx_word' id='word_1_36' title='bbox 749 1140 800 1197; x_wconf 90' lang='lat' dir='ltr'>Vs.</span> <span class='ocrx_word' id='word_1_37' title='bbox 816 1140 877 1196; x_wconf 88' lang='grc'><strong>600.</strong></span> 
     </span>
     <span class='ocr_line' id='line_1_8' title="bbox 321 1243 1291 1334; baseline -0.005 -21"><span class='ocrx_word' id='word_1_38' title='bbox 321 1243 502 1334; x_wconf 80' lang='grc' dir='ltr'><strong><em>πριάμενοι</em></strong></span> <span class='ocrx_word' id='word_1_39' title='bbox 517 1245 694 1327; x_wconf 74' lang='grc' dir='ltr'><strong><em>κώθωνας,</em></strong></span> <span class='ocrx_word' id='word_1_40' title='bbox 715 1249 750 1313; x_wconf 80' lang='grc' dir='ltr'>οἳ</span> <span class='ocrx_word' id='word_1_41' title='bbox 766 1245 803 1312; x_wconf 79' lang='grc' dir='ltr'>δὲ</span> <span class='ocrx_word' id='word_1_42' title='bbox 819 1247 876 1312; x_wconf 80' lang='grc' dir='ltr'><strong><em>καὶ</em></strong></span> <span class='ocrx_word' id='word_1_43' title='bbox 893 1245 1037 1332; x_wconf 88' lang='grc' dir='ltr'><strong><em>σκόροδα</em></strong></span> <span class='ocrx_word' id='word_1_44' title='bbox 1053 1246 1109 1311; x_wconf 90' lang='grc' dir='ltr'><strong><em>καὶ</em></strong></span> <span class='ocrx_word' id='word_1_45' title='bbox 1126 1243 1291 1332; x_wconf 84' lang='grc' dir='ltr'><strong><em>κρόμμυα.</em></strong></span> 
     </span>
    </p>
   </div>
   <div class='ocr_carea' id='block_1_4' title="bbox 291 1362 1332 1967">
    <p class='ocr_par' dir='ltr' id='par_1_4' title="bbox 291 1362 1332 1967">
     <span class='ocr_line' id='line_1_9' title="bbox 361 1362 1329 1452; baseline -0.005 -20"><span class='ocrx_word' id='word_1_46' title='bbox 361 1362 486 1452; x_wconf 81' lang='lat' dir='ltr'><strong>Optimi</strong></span> <span class='ocrx_word' id='word_1_47' title='bbox 510 1366 583 1432; x_wconf 88' lang='lat' dir='ltr'>libri</span> <span class='ocrx_word' id='word_1_48' title='bbox 608 1377 639 1433; x_wconf 94' lang='lat' dir='ltr'>et</span> <span class='ocrx_word' id='word_1_49' title='bbox 662 1366 862 1433; x_wconf 88' lang='lat' dir='ltr'>consentiens</span> <span class='ocrx_word' id='word_1_50' title='bbox 885 1389 957 1432; x_wconf 92' lang='lat' dir='ltr'>cum</span> <span class='ocrx_word' id='word_1_51' title='bbox 979 1365 1029 1432; x_wconf 87' lang='lat' dir='ltr'>his</span> <span class='ocrx_word' id='word_1_52' title='bbox 1051 1365 1237 1430; x_wconf 82' lang='lat' dir='ltr'><strong>Athenaeus</strong></span> <span class='ocrx_word' id='word_1_53' title='bbox 1260 1362 1329 1427; x_wconf 90' lang='lat' dir='ltr'>XI.</span> 
     </span>
     <span class='ocr_line' id='line_1_10' title="bbox 293 1466 1331 1559; baseline -0.006 -23"><span class='ocrx_word' id='word_1_54' title='bbox 293 1491 326 1556; x_wconf 89' lang='lat' dir='ltr'>p.</span> <span class='ocrx_word' id='word_1_55' title='bbox 341 1468 415 1536; x_wconf 88' lang='grc'><strong>483.</strong></span> <span class='ocrx_word' id='word_1_56' title='bbox 430 1491 458 1535; x_wconf 87' lang='lat' dir='ltr'>e.</span> <span class='ocrx_word' id='word_1_57' title='bbox 476 1471 533 1536; x_wconf 81' lang='lat' dir='ltr'>aul</span> <span class='ocrx_word' id='word_1_58' title='bbox 549 1479 621 1536; x_wconf 86' lang='lat' dir='ltr'>ants</span> <span class='ocrx_word' id='word_1_59' title='bbox 639 1469 784 1559; x_wconf 90' lang='grc' dir='ltr'><strong><em>σκόροδα</em></strong></span> <span class='ocrx_word' id='word_1_60' title='bbox 802 1469 961 1549; x_wconf 84' lang='lat' dir='ltr'>omittunt3</span> <span class='ocrx_word' id='word_1_61' title='bbox 979 1469 1089 1535; x_wconf 84' lang='lat' dir='ltr'>vitium</span> <span class='ocrx_word' id='word_1_62' title='bbox 1106 1468 1203 1555; x_wconf 88' lang='lat' dir='ltr'>igitur</span> <span class='ocrx_word' id='word_1_63' title='bbox 1218 1466 1331 1553; x_wconf 88' lang='lat' dir='ltr'>potius</span> 
     </span>
     <span class='ocr_line' id='line_1_11' title="bbox 292 1569 1332 1661; baseline -0.004 -24"><span class='ocrx_word' id='word_1_64' title='bbox 292 1572 327 1637; x_wconf 93' lang='lat' dir='ltr'>in</span> <span class='ocrx_word' id='word_1_65' title='bbox 345 1571 550 1657; x_wconf 91' lang='lat' dir='ltr'>sequentibus</span> <span class='ocrx_word' id='word_1_66' title='bbox 568 1571 673 1639; x_wconf 81' lang='lat' dir='ltr'>verbis</span> <span class='ocrx_word' id='word_1_67' title='bbox 691 1572 781 1652; x_wconf 87' lang='lat' dir='ltr'>latet,</span> <span class='ocrx_word' id='word_1_68' title='bbox 805 1594 995 1661; x_wconf 76' lang='lat' dir='ltr'>prorsusque</span> <span class='ocrx_word' id='word_1_69' title='bbox 1013 1571 1168 1638; x_wconf 87' lang='lat' dir='ltr'>assentior</span> <span class='ocrx_word' id='word_1_70' title='bbox 1184 1569 1332 1656; x_wconf 83' lang='lat' dir='ltr'>Bergkio</span> 
     </span>
     <span class='ocr_line' id='line_1_12' title="bbox 293 1672 1332 1766; baseline -0.004 -25"><span class='ocrx_word' id='word_1_71' title='bbox 293 1674 444 1742; x_wconf 74' lang='lat' dir='ltr'>scribenti</span> <span class='ocrx_word' id='word_1_72' title='bbox 462 1674 537 1742; x_wconf 77' lang='grc' dir='ltr'><strong><em>διδδ</em></strong></span> <span class='ocrx_word' id='word_1_73' title='bbox 554 1672 688 1763; x_wconf 75' lang='grc' dir='ltr'><strong><em>σκόροδ’</em></strong></span> <span class='ocrx_word' id='word_1_74' title='bbox 704 1674 803 1756; x_wconf 72' lang='grc' dir='ltr'><strong><em>ἐλάας</em></strong></span> <span class='ocrx_word' id='word_1_75' title='bbox 820 1676 1006 1766; x_wconf 38' lang='grc' dir='ltr'><strong><em>κρόμμυα,</em></strong></span> <span class='ocrx_word' id='word_1_76' title='bbox 1027 1674 1122 1759; x_wconf 84' lang='lat' dir='ltr'>Quod</span> <span class='ocrx_word' id='word_1_77' title='bbox 1138 1674 1233 1761; x_wconf 88' lang='lat' dir='ltr'>plane</span> <span class='ocrx_word' id='word_1_78' title='bbox 1251 1696 1332 1738; x_wconf 91' lang='lat' dir='ltr'>con-</span> 
     </span>
     <span class='ocr_line' id='line_1_13' title="bbox 291 1773 1331 1866; baseline 0 -23"><span class='ocrx_word' id='word_1_79' title='bbox 291 1777 397 1844; x_wconf 87' lang='lat' dir='ltr'>firmat</span> <span class='ocrx_word' id='word_1_80' title='bbox 419 1778 488 1865; x_wconf 89' lang='lat' dir='ltr'>ipse</span> <span class='ocrx_word' id='word_1_81' title='bbox 509 1779 741 1866; x_wconf 77' lang='lat' dir='ltr'>Aristophanes</span> <span class='ocrx_word' id='word_1_82' title='bbox 764 1779 906 1846; x_wconf 84' lang='lat' dir='ltr'>Acharn.</span> <span class='ocrx_word' id='word_1_83' title='bbox 930 1779 1004 1846; x_wconf 78' lang='lat'><strong>550.</strong></span> <span class='ocrx_word' id='word_1_84' title='bbox 1027 1776 1193 1865; x_wconf 86' lang='grc' dir='ltr'><strong><em>σκορόδων</em></strong></span> <span class='ocrx_word' id='word_1_85' title='bbox 1219 1773 1331 1843; x_wconf 76' lang='grc' dir='ltr'><strong><em>ἐλαῶν</em></strong></span> 
     </span>
     <span class='ocr_line' id='line_1_14' title="bbox 292 1879 1330 1967; baseline 0 -21"><span class='ocrx_word' id='word_1_86' title='bbox 292 1880 481 1965; x_wconf 85' lang='grc' dir='ltr'><strong><em>κρομμύων,</em></strong></span> <span class='ocrx_word' id='word_1_87' title='bbox 506 1880 562 1947; x_wconf 91' lang='lat' dir='ltr'>ubi</span> <span class='ocrx_word' id='word_1_88' title='bbox 579 1883 655 1949; x_wconf 91' lang='lat' dir='ltr'>item</span> <span class='ocrx_word' id='word_1_89' title='bbox 672 1883 711 1949; x_wconf 90' lang='lat' dir='ltr'>de</span> <span class='ocrx_word' id='word_1_90' title='bbox 730 1893 908 1950; x_wconf 89' lang='lat' dir='ltr'>commeatu</span> <span class='ocrx_word' id='word_1_91' title='bbox 925 1882 1098 1948; x_wconf 85' lang='lat' dir='ltr'>maritimae</span> <span class='ocrx_word' id='word_1_92' title='bbox 1116 1879 1330 1967; x_wconf 77' lang='lat' dir='ltr'>expeditionis</span> 
     </span>
    </p>
   </div>
   <div class='ocr_carea' id='block_1_5' title="bbox 290 1983 405 2071">
    <p class='ocr_par' dir='ltr' id='par_1_5' title="bbox 290 1983 405 2071">
     <span class='ocr_line' id='line_1_15' title="bbox 290 1983 405 2071; baseline 0.009 -22"><span class='ocrx_word' id='word_1_93' title='bbox 290 1983 405 2071; x_wconf 81' lang='lat' dir='ltr'>agitur.</span> 
     </span>
    </p>
   </div>
   <div class='ocr_carea' id='block_1_6' title="bbox 288 2172 1328 3614">
    <p class='ocr_par' dir='ltr' id='par_1_6' title="bbox 355 2172 1328 2589">
     <span class='ocr_line' id='line_1_16' title="bbox 746 2172 875 2229; baseline -0.016 0"><span class='ocrx_word' id='word_1_94' title='bbox 746 2172 795 2229; x_wconf 88' lang='lat' dir='ltr'>Vs.</span> <span class='ocrx_word' id='word_1_95' title='bbox 814 2173 875 2228; x_wconf 85' lang='grc'><strong>698.</strong></span> 
     </span>
     <span class='ocr_line' id='line_1_17' title="bbox 422 2272 1162 2365; baseline -0.004 -21"><span class='ocrx_word' id='word_1_96' title='bbox 422 2272 463 2344; x_wconf 79' lang='grc' dir='ltr'>σά</span> <span class='ocrx_word' id='word_1_97' title='bbox 479 2301 533 2344; x_wconf 91' lang='grc' dir='ltr'>τοι</span> <span class='ocrx_word' id='word_1_98' title='bbox 548 2274 597 2361; x_wconf 85' lang='grc' dir='ltr'>μὰ</span> <span class='ocrx_word' id='word_1_99' title='bbox 614 2274 672 2365; x_wconf 79' lang='grc' dir='ltr'>τὴν</span> <span class='ocrx_word' id='word_1_100' title='bbox 689 2274 832 2365; x_wconf 78' lang='grc' dir='ltr'><strong><em>Δήμητρ’</em></strong></span> <span class='ocrx_word' id='word_1_101' title='bbox 850 2273 906 2344; x_wconf 75' lang='grc' dir='ltr'>ἐὰν</span> <span class='ocrx_word' id='word_1_102' title='bbox 922 2276 967 2364; x_wconf 83' lang='grc' dir='ltr'>μή</span> <span class='ocrx_word' id='word_1_103' title='bbox 986 2273 1015 2344; x_wconf 77' lang='grc' dir='ltr'><strong><em>α’</em></strong></span> <span class='ocrx_word' id='word_1_104' title='bbox 1031 2275 1162 2365; x_wconf 74' lang='grc' dir='ltr'><strong><em>ἐκφάγω</em></strong></span> 
     </span>
     <span class='ocr_line' id='line_1_18' title="bbox 422 2377 1254 2468; baseline 0.001 -22"><span class='ocrx_word' id='word_1_105' title='bbox 422 2377 457 2446; x_wconf 74' lang='grc' dir='ltr'>ἐκ</span> <span class='ocrx_word' id='word_1_106' title='bbox 473 2379 573 2468; x_wconf 79' lang='grc' dir='ltr'><strong><em>τῆσδε</em></strong></span> <span class='ocrx_word' id='word_1_107' title='bbox 590 2385 648 2468; x_wconf 85' lang='grc' dir='ltr'>τῆς</span> <span class='ocrx_word' id='word_1_108' title='bbox 664 2385 737 2468; x_wconf 81' lang='grc' dir='ltr'><strong><em>γῆς,</em></strong></span> <span class='ocrx_word' id='word_1_109' title='bbox 758 2377 919 2448; x_wconf 78' lang='grc' dir='ltr'><strong><em>οὐδέποτε</em></strong></span> <span class='ocrx_word' id='word_1_110' title='bbox 935 2380 1115 2466; x_wconf 80' lang='grc' dir='ltr'><strong><em>βιώσομαι.</em></strong></span> <span class='ocrx_word' id='word_1_111' title='bbox 1218 2387 1220 2392; x_wconf 81' lang='grc'>’</span> <span class='ocrx_word' id='word_1_112' title='bbox 1245 2387 1254 2414; x_wconf 66' lang='lat'><strong><em>¹</em></strong></span> 
     </span>
     <span class='ocr_line' id='line_1_19' title="bbox 355 2496 1328 2589; baseline -0.002 -22"><span class='ocrx_word' id='word_1_113' title='bbox 355 2500 437 2567; x_wconf 86' lang='lat' dir='ltr'>Rav.</span> <span class='ocrx_word' id='word_1_114' title='bbox 455 2499 613 2588; x_wconf 77' lang='grc' dir='ltr'><strong><em>Δήμητρά</em></strong></span> <span class='ocrx_word' id='word_1_115' title='bbox 630 2497 658 2588; x_wconf 78' lang='grc' dir='ltr'>γ’</span> <span class='ocrx_word' id='word_1_116' title='bbox 674 2499 705 2568; x_wconf 83' lang='grc' dir='ltr'>εἰ</span> <span class='ocrx_word' id='word_1_117' title='bbox 721 2500 766 2589; x_wconf 82' lang='grc' dir='ltr'>μή</span> <span class='ocrx_word' id='word_1_118' title='bbox 784 2496 825 2568; x_wconf 77' lang='grc' dir='ltr'><strong><em>α’.</em></strong></span> <span class='ocrx_word' id='word_1_119' title='bbox 871 2499 979 2586; x_wconf 83' lang='lat' dir='ltr'>Atque</span> <span class='ocrx_word' id='word_1_120' title='bbox 997 2500 1027 2568; x_wconf 80' lang='grc' dir='ltr'>εἰ</span> <span class='ocrx_word' id='word_1_121' title='bbox 1044 2500 1256 2567; x_wconf 90' lang='lat' dir='ltr'>necessarium</span> <span class='ocrx_word' id='word_1_122' title='bbox 1277 2510 1328 2566; x_wconf 87' lang='lat' dir='ltr'>est</span> 
     </span>
    </p>

    <p class='ocr_par' dir='ltr' id='par_1_7' title="bbox 288 2601 1327 3614">
     <span class='ocr_line' id='line_1_20' title="bbox 290 2601 1327 2693; baseline 0.001 -25"><span class='ocrx_word' id='word_1_123' title='bbox 290 2612 420 2690; x_wconf 89' lang='lat' dir='ltr'>propter</span> <span class='ocrx_word' id='word_1_124' title='bbox 435 2625 623 2691; x_wconf 89' lang='lat' dir='ltr'>responsum</span> <span class='ocrx_word' id='word_1_125' title='bbox 640 2602 823 2692; x_wconf 81' lang='lat' dir='ltr'>Agoracriti</span> <span class='ocrx_word' id='word_1_126' title='bbox 841 2603 871 2672; x_wconf 83' lang='grc' dir='ltr'>εἰ</span> <span class='ocrx_word' id='word_1_127' title='bbox 887 2602 932 2693; x_wconf 78' lang='grc' dir='ltr'>μὴ</span> <span class='ocrx_word' id='word_1_128' title='bbox 948 2601 1098 2693; x_wconf 77' lang='grc' dir='ltr'><strong><em>’κφάγῃς</em></strong></span> <span class='ocrx_word' id='word_1_129' title='bbox 1133 2603 1179 2670; x_wconf 93' lang='lat' dir='ltr'>At</span> <span class='ocrx_word' id='word_1_130' title='bbox 1196 2629 1233 2692; x_wconf 89' lang='grc' dir='ltr'>γε</span> <span class='ocrx_word' id='word_1_131' title='bbox 1251 2613 1327 2689; x_wconf 89' lang='lat' dir='ltr'>post</span> 
     </span>
     <span class='ocr_line' id='line_1_21' title="bbox 293 2704 1326 2794; baseline 0 -21"><span class='ocrx_word' id='word_1_132' title='bbox 293 2704 451 2793; x_wconf 84' lang='grc' dir='ltr'><strong><em>Δήμητρα</em></strong></span> <span class='ocrx_word' id='word_1_133' title='bbox 477 2706 550 2772; x_wconf 92' lang='lat' dir='ltr'>usui</span> <span class='ocrx_word' id='word_1_134' title='bbox 575 2715 745 2794; x_wconf 82' lang='lat' dir='ltr'>repugnat,</span> <span class='ocrx_word' id='word_1_135' title='bbox 777 2718 813 2773; x_wconf 91' lang='lat' dir='ltr'>ut</span> <span class='ocrx_word' id='word_1_136' title='bbox 839 2708 915 2774; x_wconf 89' lang='lat' dir='ltr'>satis</span> <span class='ocrx_word' id='word_1_137' title='bbox 942 2730 1026 2774; x_wconf 85' lang='lat' dir='ltr'>nunc</span> <span class='ocrx_word' id='word_1_138' title='bbox 1051 2717 1190 2787; x_wconf 84' lang='lat' dir='ltr'>constat3</span> <span class='ocrx_word' id='word_1_139' title='bbox 1226 2729 1326 2792; x_wconf 88' lang='lat' dir='ltr'>quare</span> 
     </span>
     <span class='ocr_line' id='line_1_22' title="bbox 291 2804 1327 2899; baseline 0 -24"><span class='ocrx_word' id='word_1_140' title='bbox 291 2809 404 2895; x_wconf 80' lang='lat' dir='ltr'>scripsi</span> <span class='ocrx_word' id='word_1_141' title='bbox 417 2804 560 2896; x_wconf 80' lang='grc' dir='ltr'><strong><em>Δήμητρ’</em></strong></span> <span class='ocrx_word' id='word_1_142' title='bbox 576 2804 630 2891; x_wconf 70' lang='grc' dir='ltr'><strong><em>ἴτ’,</em></strong></span> <span class='ocrx_word' id='word_1_143' title='bbox 650 2809 680 2877; x_wconf 84' lang='grc' dir='ltr'>εἰ</span> <span class='ocrx_word' id='word_1_144' title='bbox 696 2809 742 2898; x_wconf 88' lang='grc' dir='ltr'>μή</span> <span class='ocrx_word' id='word_1_145' title='bbox 762 2805 790 2877; x_wconf 76' lang='grc' dir='ltr'><strong><em>α’</em></strong></span> <span class='ocrx_word' id='word_1_146' title='bbox 807 2808 950 2899; x_wconf 72' lang='grc' dir='ltr'><strong><em>ἐκφάγω,</em></strong></span> <span class='ocrx_word' id='word_1_147' title='bbox 968 2813 1002 2878; x_wconf 95' lang='lat' dir='ltr'>in</span> <span class='ocrx_word' id='word_1_148' title='bbox 1020 2835 1083 2898; x_wconf 93' lang='lat' dir='ltr'>quo</span> <span class='ocrx_word' id='word_1_149' title='bbox 1102 2810 1152 2878; x_wconf 71' lang='lat' dir='ltr'>tu</span> <span class='ocrx_word' id='word_1_150' title='bbox 1168 2811 1263 2876; x_wconf 84' lang='lat' dir='ltr'>etiam</span> <span class='ocrx_word' id='word_1_151' title='bbox 1283 2811 1327 2876; x_wconf 88' lang='lat' dir='ltr'>ad</span> 
     </span>
     <span class='ocr_line' id='line_1_23' title="bbox 290 2912 1325 3002; baseline 0.001 -24"><span class='ocrx_word' id='word_1_152' title='bbox 290 2934 420 2978; x_wconf 88' lang='lat' dir='ltr'>sensum</span> <span class='ocrx_word' id='word_1_153' title='bbox 441 2912 655 2979; x_wconf 86' lang='lat' dir='ltr'>necessarium</span> <span class='ocrx_word' id='word_1_154' title='bbox 676 2924 740 2992; x_wconf 89' lang='lat' dir='ltr'>est,</span> <span class='ocrx_word' id='word_1_155' title='bbox 763 2937 955 3001; x_wconf 80' lang='lat' dir='ltr'>nequaquam</span> <span class='ocrx_word' id='word_1_156' title='bbox 978 2918 1111 3002; x_wconf 82' lang='lat' dir='ltr'>amplias</span> <span class='ocrx_word' id='word_1_157' title='bbox 1128 2917 1239 2980; x_wconf 82' lang='lat' dir='ltr'>vivam.</span> <span class='ocrx_word' id='word_1_158' title='bbox 1284 2915 1325 2980; x_wconf 92' lang='lat' dir='ltr'>In</span> 
     </span>
     <span class='ocr_line' id='line_1_24' title="bbox 289 3012 1325 3106; baseline 0.004 -27"><span class='ocrx_word' id='word_1_159' title='bbox 289 3013 470 3101; x_wconf 84' lang='lat' dir='ltr'>Agoracriti</span> <span class='ocrx_word' id='word_1_160' title='bbox 491 3038 644 3102; x_wconf 89' lang='lat' dir='ltr'>responso</span> <span class='ocrx_word' id='word_1_161' title='bbox 663 3016 693 3083; x_wconf 84' lang='grc' dir='ltr'>εἰ</span> <span class='ocrx_word' id='word_1_162' title='bbox 709 3014 754 3105; x_wconf 81' lang='grc' dir='ltr'>μὴ</span> <span class='ocrx_word' id='word_1_163' title='bbox 771 3012 913 3105; x_wconf 80' lang='grc' dir='ltr'><strong><em>’κφάγῃς</em></strong></span> <span class='ocrx_word' id='word_1_164' title='bbox 928 3018 996 3085; x_wconf 91' lang='lat' dir='ltr'>iure</span> <span class='ocrx_word' id='word_1_165' title='bbox 1013 3018 1173 3106; x_wconf 77' lang='lat' dir='ltr'>Berglrius</span> <span class='ocrx_word' id='word_1_166' title='bbox 1192 3019 1325 3103; x_wconf 90' lang='lat' dir='ltr'>requirit</span> 
     </span>
     <span class='ocr_line' id='line_1_25' title="bbox 288 3117 1325 3209; baseline 0.005 -28"><span class='ocrx_word' id='word_1_167' title='bbox 288 3138 476 3204; x_wconf 85' lang='lat' dir='ltr'>pronomen3</span> <span class='ocrx_word' id='word_1_168' title='bbox 495 3120 620 3206; x_wconf 88' lang='lat' dir='ltr'>scripsit</span> <span class='ocrx_word' id='word_1_169' title='bbox 636 3119 734 3208; x_wconf 87' lang='lat' dir='ltr'>igitur</span> <span class='ocrx_word' id='word_1_170' title='bbox 751 3119 781 3188; x_wconf 82' lang='grc' dir='ltr'>εἰ</span> <span class='ocrx_word' id='word_1_171' title='bbox 798 3118 842 3207; x_wconf 79' lang='grc' dir='ltr'>μὴ</span> <span class='ocrx_word' id='word_1_172' title='bbox 858 3117 999 3209; x_wconf 77' lang='grc' dir='ltr'><strong><em>’κφάγης</em></strong></span> <span class='ocrx_word' id='word_1_173' title='bbox 1015 3118 1062 3205; x_wconf 78' lang='grc' dir='ltr'>μ’.</span> <span class='ocrx_word' id='word_1_174' title='bbox 1105 3122 1258 3189; x_wconf 82' lang='lat' dir='ltr'>Fortasse</span> <span class='ocrx_word' id='word_1_175' title='bbox 1277 3132 1325 3187; x_wconf 89' lang='lat' dir='ltr'>ta-</span> 
     </span>
     <span class='ocr_line' id='line_1_26' title="bbox 289 3219 1324 3311; baseline 0.008 -27"><span class='ocrx_word' id='word_1_176' title='bbox 289 3241 363 3285; x_wconf 90' lang='lat' dir='ltr'>men</span> <span class='ocrx_word' id='word_1_177' title='bbox 380 3229 520 3306; x_wconf 89' lang='lat' dir='ltr'>praestat</span> <span class='ocrx_word' id='word_1_178' title='bbox 537 3219 584 3306; x_wconf 62' lang='lat' dir='ltr'>i&#39;ps&#39;</span> <span class='ocrx_word' id='word_1_179' title='bbox 601 3220 762 3311; x_wconf 71' lang='lat' dir='ltr'>inspoiyp35</span> <span class='ocrx_word' id='word_1_180' title='bbox 781 3224 890 3290; x_wconf 90' lang='lat' dir='ltr'>eadem</span> <span class='ocrx_word' id='word_1_181' title='bbox 910 3234 1075 3302; x_wconf 85' lang='lat' dir='ltr'>structura,</span> <span class='ocrx_word' id='word_1_182' title='bbox 1094 3247 1158 3310; x_wconf 88' lang='lat' dir='ltr'>qua</span> <span class='ocrx_word' id='word_1_183' title='bbox 1175 3248 1256 3292; x_wconf 86' lang='lat' dir='ltr'>usus</span> <span class='ocrx_word' id='word_1_184' title='bbox 1275 3235 1324 3292; x_wconf 86' lang='lat' dir='ltr'>est</span> 
     </span>
     <span class='ocr_line' id='line_1_27' title="bbox 288 3320 1324 3413; baseline 0.008 -26"><span class='ocrx_word' id='word_1_185' title='bbox 288 3320 519 3408; x_wconf 89' lang='lat' dir='ltr'>Aristophanes</span> <span class='ocrx_word' id='word_1_186' title='bbox 538 3323 602 3390; x_wconf 90' lang='lat' dir='ltr'>Av.</span> <span class='ocrx_word' id='word_1_187' title='bbox 622 3327 716 3393; x_wconf 86' lang='lat'><strong>1691.</strong></span> <span class='ocrx_word' id='word_1_188' title='bbox 735 3326 791 3393; x_wconf 92' lang='lat' dir='ltr'>ubi</span> <span class='ocrx_word' id='word_1_189' title='bbox 808 3327 942 3394; x_wconf 89' lang='lat' dir='ltr'>Herculi</span> <span class='ocrx_word' id='word_1_190' title='bbox 960 3328 1076 3393; x_wconf 89' lang='lat' dir='ltr'>dicenti</span> <span class='ocrx_word' id='word_1_191' title='bbox 1092 3328 1262 3413; x_wconf 77' lang='grc' dir='ltr'><strong><em>βούλεσθε</em></strong></span> <span class='ocrx_word' id='word_1_192' title='bbox 1280 3367 1324 3377; x_wconf 90' lang='lat'><em>-</em></span> 
     </span>
     <span class='ocr_line' id='line_1_28' title="bbox 288 3418 1324 3519; baseline 0.01 -30"><span class='ocrx_word' id='word_1_193' title='bbox 288 3418 384 3490; x_wconf 80' lang='grc' dir='ltr'><strong><em>διττώ</em></strong></span> <span class='ocrx_word' id='word_1_194' title='bbox 407 3422 449 3492; x_wconf 84' lang='grc' dir='ltr'>τὰ</span> <span class='ocrx_word' id='word_1_195' title='bbox 472 3430 550 3512; x_wconf 85' lang='grc' dir='ltr'><strong><em>κρέα</em></strong></span> <span class='ocrx_word' id='word_1_196' title='bbox 575 3429 671 3516; x_wconf 80' lang='grc' dir='ltr'><strong><em>ταρτὶ</em></strong></span> <span class='ocrx_word' id='word_1_197' title='bbox 691 3433 797 3513; x_wconf 80' lang='grc' dir='ltr'><strong><em>μένων</em></strong></span> <span class='ocrx_word' id='word_1_198' title='bbox 818 3430 985 3517; x_wconf 90' lang='lat' dir='ltr'>Neptunus</span> <span class='ocrx_word' id='word_1_199' title='bbox 1008 3432 1126 3518; x_wconf 87' lang='lat' dir='ltr'>regerit</span> <span class='ocrx_word' id='word_1_200' title='bbox 1148 3428 1259 3519; x_wconf 79' lang='grc' dir='ltr'><strong><em>ὀπτᾷς</em></strong></span> <span class='ocrx_word' id='word_1_201' title='bbox 1280 3431 1324 3499; x_wconf 88' lang='grc' dir='ltr'>τὰ</span> 
     </span>
     <span class='ocr_line' id='line_1_29' title="bbox 288 3530 384 3614; baseline 0.031 -25"><span class='ocrx_word' id='word_1_202' title='bbox 288 3530 384 3614; x_wconf 66' lang='lat' dir='ltr'>apta,-</span> 
     </span>
    </p>
   </div>
   <div class='ocr_carea' id='block_1_7' title="bbox 351 3717 1320 4130">
    <p class='ocr_par' dir='ltr' id='par_1_8' title="bbox 351 3717 1320 4130">
     <span class='ocr_line' id='line_1_30' title="bbox 742 3717 868 3774; baseline -0.008 0"><span class='ocrx_word' id='word_1_203' title='bbox 742 3717 791 3774; x_wconf 89' lang='lat' dir='ltr'>Vs.</span> <span class='ocrx_word' id='word_1_204' title='bbox 809 3718 868 3773; x_wconf 85' lang='grc'><strong>706.</strong></span> 
     </span>
     <span class='ocr_line' id='line_1_31' title="bbox 408 3812 1186 3914; baseline 0.014 -32"><span class='ocrx_word' id='word_1_205' title='bbox 408 3812 454 3895; x_wconf 83' lang='grc' dir='ltr'>ώς</span> <span class='ocrx_word' id='word_1_206' title='bbox 470 3813 656 3904; x_wconf 76' lang='grc' dir='ltr'><strong><em>ὀξύθυμος·</em></strong></span> <span class='ocrx_word' id='word_1_207' title='bbox 679 3821 812 3910; x_wconf 75' lang='grc' dir='ltr'><strong><em>φέρετέ</em></strong></span> <span class='ocrx_word' id='word_1_208' title='bbox 829 3847 884 3890; x_wconf 94' lang='grc' dir='ltr'>σοι</span> <span class='ocrx_word' id='word_1_209' title='bbox 903 3823 950 3889; x_wconf 86' lang='grc' dir='ltr'>δώ</span> <span class='ocrx_word' id='word_1_210' title='bbox 968 3840 1186 3914; x_wconf 86' lang='grc' dir='ltr'><strong><em>καταφαγεῖν,·</em></strong></span> 
     </span>
     <span class='ocr_line' id='line_1_32' title="bbox 407 3916 1163 4017; baseline 0.013 -34"><span class='ocrx_word' id='word_1_211' title='bbox 407 3916 464 3984; x_wconf 75' lang='grc' dir='ltr'><strong><em>ἐστὶ</em></strong></span> <span class='ocrx_word' id='word_1_212' title='bbox 481 3926 528 4005; x_wconf 80' lang='lat' dir='ltr'>aqi</span> <span class='ocrx_word' id='word_1_213' title='bbox 546 3921 668 4008; x_wconf 83' lang='grc' dir='ltr'><strong><em>φάγοις</em></strong></span> <span class='ocrx_word' id='word_1_214' title='bbox 684 3919 789 4010; x_wconf 77' lang='grc' dir='ltr'><strong><em>ἥδιστ’</em></strong></span> <span class='ocrx_word' id='word_1_215' title='bbox 806 3921 863 4007; x_wconf 85' lang='grc' dir='ltr'><strong><em>άν,·</em></strong></span> <span class='ocrx_word' id='word_1_216' title='bbox 885 3924 942 3992; x_wconf 75' lang='grc' dir='ltr'><strong><em>ἐντὶ</em></strong></span> <span class='ocrx_word' id='word_1_217' title='bbox 958 3930 1163 4017; x_wconf 54' lang='lat' dir='ltr'>tatianam),-</span> 
     </span>
     <span class='ocr_line' id='line_1_33' title="bbox 351 4034 1320 4130; baseline 0.019 -29"><span class='ocrx_word' id='word_1_218' title='bbox 351 4034 428 4101; x_wconf 91' lang='lat' dir='ltr'>Sine</span> <span class='ocrx_word' id='word_1_219' title='bbox 446 4059 542 4103; x_wconf 89' lang='lat' dir='ltr'>causa</span> <span class='ocrx_word' id='word_1_220' title='bbox 554 4039 759 4109; x_wconf 86' lang='lat' dir='ltr'>Halbertsma</span> <span class='ocrx_word' id='word_1_221' title='bbox 777 4040 823 4123; x_wconf 85' lang='grc' dir='ltr'>ώς</span> <span class='ocrx_word' id='word_1_222' title='bbox 841 4041 1014 4130; x_wconf 75' lang='grc' dir='ltr'><strong><em>ὂξοθομεῑ.</em></strong></span> <span class='ocrx_word' id='word_1_223' title='bbox 1060 4048 1129 4115; x_wconf 80' lang='lat' dir='ltr'>cfr.</span> <span class='ocrx_word' id='word_1_224' title='bbox 1148 4050 1226 4117; x_wconf 88' lang='lat' dir='ltr'>Pac.</span> <span class='ocrx_word' id='word_1_225' title='bbox 1240 4053 1320 4119; x_wconf 76' lang='lat'><strong>257.</strong></span> 
     </span>
    </p>
   </div>
   <div class='ocr_carea' id='block_1_8' title="bbox 284 4130 1338 4347">
    <p class='ocr_par' dir='ltr' id='par_1_9' title="bbox 284 4130 1338 4347">
     <span class='ocr_line' id='line_1_34' title="bbox 284 4130 1338 4240; baseline 0.023 -42"><span class='ocrx_word' id='word_1_226' title='bbox 284 4130 332 4213; x_wconf 78' lang='grc' dir='ltr'>ὥς</span> <span class='ocrx_word' id='word_1_227' title='bbox 350 4135 475 4222; x_wconf 84' lang='grc' dir='ltr'><strong><em>δριμύς.</em></strong></span> <span class='ocrx_word' id='word_1_228' title='bbox 510 4138 657 4206; x_wconf 86' lang='lat' dir='ltr'>Alterum</span> <span class='ocrx_word' id='word_1_229' title='bbox 675 4168 802 4211; x_wconf 85' lang='lat' dir='ltr'>versum</span> <span class='ocrx_word' id='word_1_230' title='bbox 817 4160 997 4236; x_wconf 91' lang='lat' dir='ltr'>corruptum</span> <span class='ocrx_word' id='word_1_231' title='bbox 1008 4174 1082 4218; x_wconf 86' lang='lat' dir='ltr'>esse</span> <span class='ocrx_word' id='word_1_232' title='bbox 1095 4153 1216 4240; x_wconf 92' lang='lat' dir='ltr'>primus</span> <span class='ocrx_word' id='word_1_233' title='bbox 1231 4158 1338 4239; x_wconf 88' lang='lat' dir='ltr'>quod-</span> 
     </span>
     <span class='ocr_line' id='line_1_35' title="bbox 285 4234 1320 4347; baseline 0.026 -48"><span class='ocrx_word' id='word_1_234' title='bbox 285 4234 383 4302; x_wconf 81' lang='lat' dir='ltr'>sciam</span> <span class='ocrx_word' id='word_1_235' title='bbox 405 4238 551 4306; x_wconf 87' lang='lat' dir='ltr'>Kockius</span> <span class='ocrx_word' id='word_1_236' title='bbox 573 4243 739 4325; x_wconf 84' lang='lat' dir='ltr'>intellexit,</span> <span class='ocrx_word' id='word_1_237' title='bbox 764 4260 796 4314; x_wconf 88' lang='lat' dir='ltr'>at</span> <span class='ocrx_word' id='word_1_238' title='bbox 817 4252 902 4336; x_wconf 86' lang='lat' dir='ltr'>quod</span> <span class='ocrx_word' id='word_1_239' title='bbox 923 4252 1007 4319; x_wconf 87' lang='lat' dir='ltr'>idem</span> <span class='ocrx_word' id='word_1_240' title='bbox 1030 4256 1164 4322; x_wconf 88' lang='lat' dir='ltr'>coniecit</span> <span class='ocrx_word' id='word_1_241' title='bbox 1187 4254 1244 4324; x_wconf 71' lang='grc' dir='ltr'>ἐπὶ</span> <span class='ocrx_word' id='word_1_242' title='bbox 1268 4265 1320 4347; x_wconf 75' lang='grc' dir='ltr'>τῷ</span> 
     </span>
    </p>
   </div>
   <div class='ocr_carea' id='block_1_9' title="bbox 0 0 1434 4909">
    <p class='ocr_par' dir='ltr' id='par_1_10' title="bbox 0 0 1434 4909">
     <span class='ocr_line' id='line_1_36' title="bbox 0 0 1434 4909; baseline 0 3"><span class='ocrx_word' id='word_1_243' title='bbox 0 0 1434 4909; x_wconf 95' lang='lat' dir='ltr'> </span> 
     </span>
    </p>
   </div>
  </div>
 </body>
</html>
