2859 4909
277 355 282 362 '
322 371 365 437 80
765 377 917 437 nuans.

765 518 815 575 Vs.
835 517 912 572 1363.

353 622 392 693 ού
410 622 472 714 γὰρ
490 621 558 691 τότ’
574 619 678 702 εὐθὺς
692 628 774 712 χρῆν
792 618 822 691 α’
838 617 904 708 ἄρα
920 621 1112 688 τύπτεσθαί
1129 646 1167 688 τε
1187 622 1245 688 καὶ
1261 646 1327 689 πα-

926 732 1081 808 celadus,-

388 847 573 915 Admodum
590 846 743 912 audacem
760 847 801 912 dc
819 847 879 912 hoc
895 869 990 912 versu
1002 847 1132 933 protulit
1145 844 1359 910 coniecturam

324 952 545 1030 Hcrmannus,
571 950 626 1035 qui
648 949 814 1036 repudiata
835 949 970 1016 Bentleii
993 948 1216 1015 emendatione
1240 942 1278 1013 ού
1300 943 1358 1031 γὰρ

324 1052 391 1122 τότ’
409 1051 510 1133 εὐθὺς
525 1058 605 1142 χρῆν
623 1076 660 1119 σε
677 1051 869 1119 τύπτεσθαί
886 1077 922 1119 τε
939 1053 995 1118 καί
1012 1056 1219 1131 πατεῖσθαι,
1240 1049 1359 1116 Aristo·

325 1158 438 1247 phanis
461 1158 565 1225 locum
588 1180 608 1221 a
629 1155 842 1243 grammaticis
864 1154 1086 1241 interpolatum
1107 1176 1196 1232 esse,
1225 1177 1246 1218 a
1270 1161 1358 1238 poeta

326 1274 431 1328 autem
458 1262 504 1327 sic
525 1262 593 1327 fere
619 1258 772 1345 scriptum
795 1257 996 1324 existimabat
1019 1254 1056 1324 ού
1079 1253 1141 1344 γὰρ
1166 1252 1237 1323 τότ’
1260 1250 1358 1331 εὐθὺς

323 1371 403 1454 χρῆν
421 1368 459 1431 σέ
475 1359 502 1450 χ’
519 1358 585 1453 ἄρα
601 1360 807 1446 τυπτόμενον
821 1357 1039 1449 ἐπιτριβῆναι.
1076 1359 1227 1426 Bentleio
1240 1356 1358 1425 assensi

326 1478 401 1534 sunt
417 1466 595 1546 Personas,
621 1464 809 1543 Elmsleius,
837 1464 904 1541 alii,
930 1464 1086 1531 immerito
1104 1463 1252 1548 quidem;
1280 1459 1357 1525 uude

327 1571 411 1636 enim
429 1566 508 1658 ἄρα,
526 1569 611 1654 quod
629 1589 739 1634 omnes
756 1567 828 1634 libri
845 1577 965 1647 tenent,
984 1577 1094 1633 natum
1112 1555 1287 1633 dicamus?
1314 1561 1356 1628 At

326 1682 470 1760 poterant
486 1671 566 1738 haec
582 1671 682 1737 multo
698 1670 801 1737 lenius
815 1681 846 1737 et
860 1693 934 1737 vero
953 1670 1021 1738 sine
1038 1670 1151 1736 erroris
1170 1667 1311 1757 periculo
1326 1665 1356 1730 in

326 1776 412 1841 hunc
429 1774 559 1841 modum
576 1774 711 1839 restitui:

371 1873 410 1944 οὗ
433 1875 494 1966 γὰρ
517 1872 587 1944 τότ’
608 1872 710 1957 εὐθὺς
730 1882 810 1967 χρῆν
834 1872 865 1944 σ’
886 1873 1093 1966 αἰρύττεσθαί
1113 1901 1150 1944 τε
1173 1878 1231 1942 καὶ
1252 1897 1317 1940 πα-

928 1986 1083 2063 assatae,-

391 2083 547 2150 Nimirum
568 2082 761 2150 τύπτεσθαι
782 2082 998 2169 explicationis
1021 2105 1117 2149 causa
1137 2083 1238 2150 verbo
1260 2076 1352 2167 ἀρύτ-

326 2194 449 2256 τσσθαι
480 2187 728 2274 superscriptum
757 2197 879 2272 partem
909 2186 1065 2273 genuinae
1096 2188 1271 2273 scripturae
1303 2178 1355 2247 ob·

326 2291 471 2358 literavit.
515 2291 699 2379 Hesychius
714 2286 908 2375 Ἀρύσσει·
929 2293 1102 2377 συντρίβει,
1121 2290 1251 2358 τύπτει.

769 2459 819 2516 Vs.
839 2458 916 2514 1365.

370 2572 437 2633 τῶν
453 2564 619 2649 Αἰσχύλον
639 2567 731 2647 λέξαι
748 2568 783 2631 τί
799 2582 872 2647 μοι·
890 2553 969 2653 κᾷθ’
988 2553 1084 2642 οὗτος
1103 2560 1208 2646 εὐθὺς
1226 2558 1313 2630 εἶπεν

367 2664 444 2754 ’ἐμω
463 2665 524 2755 γὰρ
542 2667 707 2750 Αἰσχύλον
724 2666 845 2752 νομίζω
865 2671 997 2752 πρῶτον
1015 2664 1048 2733 ἕν
1066 2681 1234 2754 ποιηταῖς,
1255 2727 1258 2732 .

369 2769 488 2858 ψόφον
506 2770 629 2849 πλέων,
650 2766 840 2850 ἀξύστατον,
862 2770 1051 2858 στόμφακα,
1071 2762 1311 2858 κρῆμνοποιόύ.

369 2868 543 2939 κάνταῦθα
560 2877 635 2952 πῶς
653 2873 771 2940 οἴεσθέ
786 2898 851 2958 μου
870 2871 927 2961 τῆν
944 2874 1080 2963 καρδίαν
1099 2870 1268 2962 ὀρεχθεῖνς
1309 2942 1310 2946 ,

390 2992 532 3059 Difficile
554 3003 603 3059 est
624 2994 664 3059 de
685 2994 833 3060 hocloco
851 2994 996 3061 omnibus
1016 2996 1210 3062 satisfacere.
1253 2992 1349 3059 versu

327 3095 466 3164 secundo
488 3095 641 3182 particula
662 3094 724 3185 γὰρ
746 3119 811 3161 non
833 3096 928 3163 habet
950 3121 1013 3182 quo
1035 3099 1202 3178 referatur,
1230 3112 1348 3164 acaum

326 3201 409 3268 Ven.
430 3195 532 3278 εὐθὺς
550 3199 685 3278 omittat,
710 3222 774 3265 non
791 3199 973 3266 incredibile
992 3211 1040 3266 est
1062 3202 1220 3268 excidisse
1240 3201 1272 3265 in
1291 3195 1346 3261 fine

325 3327 437 3371 versus
455 3302 640 3390 particulam
658 3302 875 3368 abominandi:
902 3293 979 3391 κᾷθ’
996 3293 1092 3382 οὗτος
1110 3300 1213 3371 εἶπεν.
1237 3299 1346 3385 ‘aldai'

327 3404 390 3495 ἐγὼ
411 3404 473 3495 γὰρ
494 3404 656 3488 Αἰσχύλον
672 3405 794 3489 νομίζω
812 3411 946 3491 πρῶτον
964 3405 997 3473 ἐν
1014 3403 1195 3494 ποιηταῖςζ
1221 3404 1275 3473 sed
1295 3401 1349 3465 hat

324 3512 410 3599 lege,
433 3510 523 3575 utin
545 3514 677 3594 raptrices
701 3509 877 3574 convicium
899 3509 1053 3595 Aeschyli
1070 3509 1178 3589 lateat,
1202 3508 1293 3576 modo
1313 3522 1355 3576 nt.

325 3614 396 3698 quis
413 3613 491 3678 illud
509 3609 661 3697 πρωκτὸν
678 3611 779 3677 fuisse
796 3622 894 3698 putet,
914 3612 1000 3697 quod
1014 3613 1218 3680 Thierschius
1236 3602 1346 3678 restitui

324 3715 433 3781 voluit.
480 3713 643 3802 Suspicari
659 3715 764 3801 possis
784 3716 896 3802 ῥῶπον
914 3714 1161 3803 Aristophanem
1184 3712 1348 3802 scripsisse,

326 3822 412 3903 quod
428 3817 468 3884 de
483 3817 565 3883 futili
583 3827 614 3883 et
626 3818 683 3883 vili
700 3827 794 3903 poeta
807 3818 926 3884 dictum
941 3820 1040 3885 videri
1057 3830 1171 3907 potest,
1190 3831 1226 3885 ut
1238 3832 1347 3897 anony-

325 3942 397 3985 mus
419 3929 514 4006 poeta
535 3921 673 3986 comicus
696 3922 781 4008 apud
802 3921 1008 3988 Plutarchum
1031 3920 1111 4011 (Vit.
1129 3913 1348 3990 Demosthenis

326 4045 354 4088 c.
374 4023 418 4102 8.)
443 4022 694 4089 Demosthenem
716 4024 886 4112 appellavit
912 4025 1256 4116 ῥωποπερπερήθραν.
1298 4002 1345 4086 Cf·

325 4124 524 4213 Hesychius:
540 4121 678 4204 Ῥιῦπος·
699 4123 771 4194 ἀντὶ
789 4133 846 4194 τού
867 4123 999 4206 οὐδενὸς
1017 4124 1119 4209 ύξισν.
1159 4123 1345 4195 Fritzschius

323 4252 452 4296 versum
463 4229 635 4295 secundum
645 4240 717 4315 post
727 4242 872 4314 quartum
886 4233 1087 4319 transposuit,
1106 4234 1139 4300 in
1152 4256 1216 4318 qua
1227 4229 1345 4299 ratione,
