2859 4909
483 223 493 259 l

262 385 326 450 150
519 386 1036 458 THESMOPHORIAZUSAE.

262 536 349 624 quod
365 535 457 623 plene
476 535 522 601 sie
540 533 692 619 scriptum
710 532 765 597 καὶ
783 528 918 613 ἐχλίὸων
936 528 1057 615 peperit
1071 527 1125 592 καὶ
1141 526 1312 593 διεκίνων.

264 640 346 725 Quis
364 638 449 706 enim
466 636 567 704 nescit
581 633 638 702 διὰ
650 631 933 699 innumerabilibus
946 629 1025 697 locis
1038 652 1079 696 ex
1092 630 1315 717 praecedente

264 745 319 810 καὶ
336 754 446 809 natum
464 738 595 821 essel*)

717 871 767 927 Vs.
787 871 846 926 173.

386 987 517 1051 παῦσαι
533 975 676 1066 βαΰζων·
695 978 751 1043 καὶ
769 974 830 1066 γὰρ
849 973 913 1062 ἐγώ
929 980 1083 1054 τοιοῦτος
1100 964 1119 1063 ἦ
1136 1011 1180 1022 -

330 1103 542 1191 Ineptissime,
561 1110 595 1166 ut
612 1098 689 1165 mihi
707 1097 835 1183 quidem
853 1096 985 1175 videtur,
1004 1106 1097 1183 poeta
1113 1095 1312 1181 Euripidem

267 1207 308 1275 ad
331 1205 596 1294 simplicissimam
615 1201 807 1268 Mnesilochi
828 1201 1106 1287 interrogationem
1124 1204 1198 1277 πῶς
1215 1194 1314 1287 πρὸς

267 1317 332 1378 τῶν
362 1315 471 1393 θεώνς
496 1307 740 1396 respondentem
767 1304 843 1370 fecit
868 1308 999 1370 παῦσαι
1028 1298 1168 1386 βαΰζων.
1215 1298 1312 1367 Scri-

268 1414 407 1482 bendum
427 1411 570 1499 suspicor
587 1414 716 1514 παῆσαι
732 1406 963 1493 βασανίζων.

719 1543 770 1599 Vs.
788 1543 849 1597 202.

427 1658 461 1720 τί
479 1650 506 1720 δ’
527 1650 614 1718 ἔστιν
633 1644 685 1716 ὅτι
704 1648 854 1728 δέδοικας
872 1646 984 1715 ἐλθεῖν
1002 1644 1139 1729 αὖτόσες

332 1766 458 1832 Novum
475 1764 536 1830 hoo
554 1773 585 1828 et
601 1760 779 1827 inauditum
796 1759 874 1826 mihi
891 1760 1005 1828 accidit
1023 1760 1155 1827 δέδοικα
1169 1757 1216 1824 sic
1229 1779 1312 1823 cum

268 1868 422 1935 infinitivo
441 1866 652 1943 coniunctum,
671 1886 709 1931 aa
723 1885 831 1930 vereor
844 1886 884 1929 ne
898 1864 1058 1951 scripserit
1075 1872 1169 1951 poeta
1181 1859 1311 1939 ἐλθών,

269 1976 297 2039 si
313 1976 390 2039 istuc
407 1972 532 2038 νεκεκίε.

722 2103 772 2158 Vs.
790 2103 850 2157 257.

313 2222 405 2281 ΕΥΡ.
428 2209 632 2299 κεκρυφάλου
653 2208 705 2275 δεῖ
721 2210 780 2274 καὶ
793 2212 921 2297 μίτρας.
964 2217 1032 2275 ΑΓ.
1055 2204 1111 2295 ἡδί
1127 2208 1186 2293 μὲν
1205 2199 1264 2276 οὖν

313 2313 439 2405 κεφαλὴ
458 2319 653 2400 περίθετος,
672 2310 711 2400 ἣν
730 2308 793 2399 ἐγὼ
811 2311 936 2400 νύκτωρ
955 2316 1062 2400 φορῶ.

335 2435 537 2502 Perabsurde
568 2435 602 2500 in
633 2433 682 2498 his
718 2432 837 2498 dictum
868 2442 917 2498 est
951 2428 1078 2521 κεφαλὴ
1113 2438 1308 2520 περίθετος,

272 2541 364 2627 quasi
384 2538 510 2629 κεφαλὴ
536 2537 576 2604 de
600 2535 712 2624 capitis
735 2535 897 2603 involucro
919 2534 972 2600 vel
993 2535 1033 2601 de
1054 2519 1190 2622 persona
1211 2538 1311 2624 capiti

272 2642 466 2711 circumdata
474 2642 536 2708 diei
547 2640 662 2730 possit3
682 2638 796 2705 eodem
810 2638 877 2704 fere
890 2638 1022 2704 redeunt
1035 2638 1310 2726 interpretationes

272 2744 423 2833 anonymi
441 2745 524 2831 apud
543 2741 749 2809 Eustathium
767 2743 807 2807 ad
824 2741 864 2808 Il.
883 2764 914 2828 p.
935 2742 1029 2808 1281.
1046 2741 1090 2808 in.
1108 2754 1143 2808 ut
1161 2744 1238 2829 quid
1259 2746 1310 2811 rei

272 2860 357 2914 esset
382 2848 451 2933 ipse
479 2846 572 2934 plane
597 2846 763 2933 ignorasse
790 2844 947 2924 videatur3
976 2868 1078 2931 neque
1104 2845 1166 2912 hoc
1192 2849 1309 2913 mimm

272 2951 372 3017 rideri
389 2960 503 3037 potest.
548 2950 659 3015 Locus
678 2950 761 3014 enim
780 2949 953 3016 inveterato
972 2949 1048 3014 vitio
1066 2948 1188 3015 laborat
1206 2974 1311 3036 eoque

273 3055 368 3121 etiam
391 3054 494 3131 libris,
518 3052 634 3138 quibus
652 3051 771 3117 Pollux
792 3051 837 3130 Π,
856 3050 908 3116 35.
932 3074 1009 3117 usus
1033 3061 1095 3130 est,
1119 3054 1308 3139 antiquiore.

275 3157 487 3225 Scribendum
510 3156 635 3222 videtur
661 3150 718 3243 ἡδὶ
739 3154 797 3239 μὲν
821 3143 892 3233 οὖν,
919 3156 1045 3243 κεφαλῇ
1067 3161 1248 3245 περίθετον
1269 3156 1311 3244 ἣν

275 3258 338 3350 ἐγὼ
361 3260 485 3348 νύκτωρ
508 3264 615 3348 φορῶ.
660 3258 791 3324 Mittam
814 3258 904 3337 dicit,
933 3280 996 3343 qua
1022 3270 1117 3324 noctu
1144 3271 1239 3348 caput
1260 3264 1312 3327 in-

274 3364 432 3433 volvebat.

727 3497 776 3553 Vs.
794 3498 855 3551 278.

448 3602 698 3692 captatorium]
717 3607 938 3691 θεσμοφορίῳ
959 3607 1122 3690 φαίνεται.
1185 3582 1187 3586 .

341 3716 552 3785 Scribendum
574 3719 828 3804 θεσμοφορείῳ,
856 3736 951 3799 quam
973 3714 1107 3782 formam
1130 3719 1312 3784 necessario

275 3821 416 3908 postulat
436 3820 488 3886 lex
510 3841 574 3904 qua
595 3823 660 3885 τῶν
682 3823 856 3903 τεμενικῶν
878 3817 1024 3884 formatio
1044 3818 1174 3905 regitur.
1217 3820 1312 3888 Idem

345 4006 376 4077 a)
393 4006 479 4076 Apud
493 4003 660 4060 Strabonem
673 4005 726 4059 IX.
739 4022 768 4076 p.
782 4004 843 4058 415.
858 4003 962 4076 legitur
979 3999 1048 4058 ὅταν
1066 4010 1170 4076 φέρωσι
1186 4013 1234 4060 καὶ
1253 4007 1315 4062 διά-

276 4112 379 4168 γωσιν,
412 4090 486 4161 qnod
513 4090 562 4160 qui
586 4097 663 4145 reete
690 4098 738 4145 καὶ
764 4087 867 4165 ἄγωσιν
889 4090 1066 4146 scribendum
1088 4108 1149 4148 esse
1171 4091 1315 4150 intellexit

277 4177 400 4235 Cobetus
422 4175 457 4231 V.
482 4174 516 4229 L.
538 4193 567 4246 p.
589 4176 648 4230 363.
672 4176 808 4246 debebat,
835 4181 948 4248 poterat
973 4182 1062 4246 certe,
1085 4194 1314 4250 commemorare,

276 4263 396 4350 eandem
413 4267 538 4324 nostram
555 4261 850 4322 fuissemoniecturam
867 4262 897 4316 in
909 4262 1047 4318 Vindiciis
1064 4261 1194 4319 strabon.
1207 4283 1235 4336 p.
1251 4267 1315 4323 143.
