2859 4909
268 343 331 410 146
526 355 1045 417 Tuusuoufloulszusnu.

264 497 363 565 verbo
384 498 433 565 vis
456 499 498 565 sit
519 498 760 585 praepositionis
779 496 836 565 διὰ
853 521 918 566 non
934 500 1137 589 intelligente.
1183 499 1316 589 Scripsi

267 602 377 668 ''turt
418 596 422 605 ’

265 626 312 691 lgl
403 687 572 777 μύρμηκος
589 682 775 776 ύτραιιούς,
793 683 815 775 ἢ
832 691 867 755 τί
884 685 924 773 ὀὴ
941 689 1161 777 μινυρίζεταις

264 791 375 877 Atque
389 791 423 858 id
434 792 540 879 ipsum
554 791 630 859 olim
643 791 761 858 lectum
776 790 887 869 fuisse,
905 792 1072 860 ostendere
1085 794 1210 861 videtur
1221 818 1313 880 quae

265 895 437 963 scholiasta
471 903 552 961 teste
583 894 644 961 fuit
678 893 908 981 parepigrephc
941 896 1148 981 praeproperis.
1191 898 1312 985 Neque

264 997 371 1066 obstat
387 997 474 1084 quod
491 998 588 1065 medii
603 996 807 1087 μινυρίζαιαι
824 996 911 1062 aliud
928 998 1109 1086 exemplum
1123 1024 1191 1067 non
1208 1013 1310 1082 extat,

265 1124 330 1168 ncn
346 1100 485 1189 impedio
503 1112 610 1168 tamen
628 1100 746 1185 siquis
763 1099 921 1187 praeferat
937 1094 960 1166 ύ
977 1105 1012 1168 τί
1029 1098 1068 1189 δὴ
1086 1091 1296 1194 μινύρεταις

683 1252 733 1308 Vs.
753 1253 803 1307 101
822 1269 884 1324 sqq.
917 1291 920 1298 ι

481 1353 571 1446 ἱερὰν
587 1361 743 1439 χθονίαις
761 1356 937 1441 δεξάμεναι

480 1458 642 1544 λαμπάδα
659 1466 776 1550 κοῦραι
795 1457 851 1542 ξὺν
869 1458 1030 1550 ἐλευθέρᾳ

480 1563 619 1651 πατρίδι
634 1562 846 1652 χορεύσασθε
862 1568 937 1651 βοᾷ.
1297 1653 1300 1662 ⁴

329 1683 480 1752 Χθόνιαι
505 1683 583 1749 deae
611 1694 683 1750 sunt
707 1682 806 1751 Ceres
833 1691 866 1750 et
885 1682 1090 1771 Proserpina,
1119 1685 1308 1770 dequibus
1420 1729 1421 1732 =

264 1812 339 1855 cum
370 1796 551 1854 constanter
580 1796 694 1873 poetae
725 1786 812 1854 attici
842 1785 929 1852 duali
959 1810 1091 1854 numero
1122 1787 1305 1874 loquantur,

264 1893 361 1959 etism
383 1889 435 1956 hic
455 1892 611 1972 χθονίαα
638 1887 954 1976 scribendnm'puto.
997 1889 1167 1958 Praeterea
1192 1894 1304 1961 nescio

264 2019 307 2062 an
324 1992 475 2061 articulus
492 2003 563 2059 τοῖν
586 1993 746 2059 exciderit.
792 1993 905 2059 Malim
923 2003 1029 2060 autem
1051 1995 1170 2082 primos
1189 2017 1304 2063 versus

264 2097 307 2166 cd
324 2121 423 2165 unum
441 2096 603 2184 coniungi:
896 2178 903 2186 ν

308 2200 382 2292 ἱρὰι
402 2213 474 2269 ταῖν
492 2204 648 2284 χθονίαιι
671 2198 848 2284 δεξάμεναι
868 2198 1030 2299 λαμιιύύα
1051 2205 1169 2292 κοῦραι
1190 2199 1248 2285 ξύν

824 2301 986 2392 ἐλευθέρα
1003 2341 1047 2352 -

263 2409 369 2476 Versu
390 2409 482 2475 tertio
502 2429 566 2493 quo
585 2405 715 2473 consilio
727 2409 838 2493 patric
855 2418 1118 2474 commemoretur
1135 2408 1215 2474 adeo
1235 2431 1304 2475 non

262 2513 420 2601 intelligo,
451 2521 488 2577 ut
513 2511 547 2576 id
572 2520 754 2597 corruptum
780 2531 852 2577 esse
878 2533 942 2576 non
969 2509 1178 2578 dubitaverim
1204 2520 1303 2597 etque

264 2615 443 2702 scripserim
469 2612 611 2701 πάτρια,
643 2636 774 2680 morea
797 2614 944 2701 patribus
970 2627 1106 2702 accepto,
1137 2613 1302 2704 ἐλευθέρᾳ

263 2739 336 2781 cum
352 2720 418 2803 βοᾷ
436 2716 642 2803 coniungens.

692 2851 872 2924 Vs.107sq.

554 2952 612 3043 ἅμα
631 2962 685 3024 οὖν
704 2951 820 3038 ὅπλιζε
837 2963 958 3026 Μοῦσα

551 3064 698 3148 χρυσέων
716 3059 839 3149 ῥύτορα
855 3060 971 3143 τόξων.

325 3179 489 3246 Bentleius
516 3173 626 3264 ὄλβιζε
653 3180 801 3259 coniecit,
838 3204 920 3266 quac
946 3181 1007 3249 etsi
1032 3182 1199 3270 ingeniosa
1224 3204 1302 3249 con-

260 3284 382 3351 iectura
398 3292 461 3362 est,
480 3282 616 3350 fortasse
634 3294 740 3349 tamen
757 3285 874 3352 rectius
892 3286 1007 3373 scripsi

556 3382 614 3473 dyc
632 3392 688 3454 νῦν
707 3375 734 3452 ὦ
752 3386 846 3475 κλῇζε
865 3395 993 3468 Μοῦσα,
1203 3470 1205 3473 ⁴

260 3491 433 3557 mutatione
455 3489 522 3557 fere
544 3491 641 3557 nulla.
687 3490 824 3558 Constet
845 3492 929 3557 enim
951 3516 981 3559 π
1002 3501 1033 3557 et
1054 3516 1073 3556 κ
1095 3490 1141 3558 ite
1157 3490 1225 3557 sere
1243 3514 1301 3558 ex·

259 3595 342 3660 arari
368 3594 402 3659 in
428 3592 605 3672 codicibus,
631 3604 667 3660 ut
693 3594 827 3661 alterurn
854 3594 895 3661 ab
917 3594 1016 3661 altero
1038 3595 1092 3659 vix
1114 3594 1298 3681 dignoscas.

259 3697 369 3763 Facile
390 3706 496 3762 autem
518 3697 715 3785 intelligitur,
739 3696 782 3763 ad
803 3699 990 3764 sententiam
1014 3697 1119 3784 aptius
1141 3720 1214 3768 esse
1237 3698 1302 3765 dici

260 3799 374 3865 Musas
398 3798 581 3885 Apollinem
602 3799 750 3868 laudibus
773 3800 882 3866 tollere
904 3822 1000 3885 quarn
1021 3800 1146 3868 felicem
1172 3802 1302 3887 praedi-

259 3923 343 3967 care.
388 3901 569 3988 Utrumque
586 3913 670 3969 recte
688 3904 892 3991 coniungitur
910 3927 955 3971 vs.
976 3904 1049 3970 117.

554 4004 680 4090 ἕπομαι
696 4005 862 4095 κλῄζουσα
878 4004 996 4092 σεμνὸν

551 4106 646 4193 μόνον
665 4103 844 4194 ὀλβίζουσα
861 4115 994 4190 Λατοῦς

547 4204 693 4299 Ἄρτεμιν
712 4207 921 4304 ἀπειρολεχῆ,
