2859 4909
635 1210 1011 1287 PLUTUS.

770 1480 819 1536 Vs.
837 1481 880 1534 49.

388 1689 392 1697 .
846 1602 942 1688 δῆλον
961 1597 1033 1690 ὁτιὴ
1051 1604 1106 1669 καὶ
1122 1604 1250 1691 τυφλῷ

298 1721 301 1724 “
405 1711 525 1790 ysara
543 1705 634 1772 δοκεῖ
649 1700 750 1772 τοῦθ’
772 1701 818 1783 ὥς
836 1701 953 1794 σφόδρ’
970 1703 1040 1773 ἐστὶ
1058 1710 1248 1793 συμφέρον.

371 1841 540 1926 Nunquam
557 1841 790 1929 Aristophanes
809 1847 977 1932 συμφέρον
995 1841 1066 1910 ἐστὶ
1083 1844 1163 1908 dixit
1187 1866 1251 1929 pro
1270 1864 1345 1924 ουμ·

308 1950 417 2034 φέρει,
445 1967 507 2029 qua
524 1968 559 2010 re
582 1946 695 2032 scripsi
717 1945 898 2034 σύμφορον.
942 1946 1055 2013 Priora
1075 1947 1224 2012 nondum
1249 1943 1345 2010 extitit

308 2049 363 2134 qui
389 2048 584 2128 emendaret3
612 2049 688 2134 quin
714 2059 862 2136 eonupta
884 2050 946 2114 sint
968 2049 1039 2134 quis
1061 2048 1208 2115 dubitet?
1255 2044 1343 2131 Quod

308 2152 392 2217 enim
417 2150 636 2218 Boissonadus
668 2153 837 2219 verborum
864 2151 948 2217 huna
979 2173 1052 2218 esse
1082 2152 1231 2219 ordinem
1264 2149 1341 2224 dicit,
1395 2206 1396 2213 ,

308 2250 381 2343 ὁτιὴ
399 2259 497 2321 τοῦτο
517 2254 607 2322 δοκεῖ
624 2254 720 2343 δῆλον
738 2256 794 2321 καὶ
810 2256 925 2342 τυφλῷ
947 2260 1081 2340 γνῶναι,
1105 2255 1178 2340 quis
1202 2275 1341 2338 unquam

307 2359 421 2424 atticae
439 2357 564 2424 dicendi
582 2359 756 2446 elegantiae
773 2357 924 2423 adsuetus
943 2358 1037 2424 talem
1055 2359 1208 2424 orationis
1230 2355 1341 2426 scabri·
1395 2418 1396 2435 ξ

308 2462 382 2527 tiem
405 2483 506 2545 aequo
529 2462 634 2529 animo
656 2461 756 2528 ferat?
799 2459 990 2545 Ubicunque
1013 2462 1046 2526 in
1063 2484 1179 2547 graeco
1200 2479 1339 2530 sermone
1394 2463 1395 2474 ¹

310 2564 406 2652 δῆλον
433 2557 486 2630 ὅτι
512 2565 758 2652 coniunguntur,
794 2564 925 2629 alterum
953 2562 994 2632 ab
1021 2563 1131 2654 altero!
1145 2565 1257 2633 divelli
1282 2584 1338 2628 non

309 2677 427 2753 potest3
451 2689 546 2752 quarn
569 2668 609 2734 ob
631 2691 761 2734 oausam
784 2666 920 2732 dubitari
942 2687 1006 2731 non
1027 2677 1132 2751 potest
1154 2669 1235 2752 quin
1257 2667 1337 2733 loeus

309 2769 446 2855 graviter
476 2781 641 2855 oonuptus
674 2772 733 2845 sit,
770 2770 821 2835 oui
851 2791 914 2853 quo
944 2780 1037 2856 paeto
1067 2770 1262 2838 medendum
1292 2768 1336 2844 sit,
1394 2829 1395 2834 ,

308 2873 446 2936 incertus
482 2869 607 2937 haereo.
661 2871 896 2937 Constructioni
936 2872 1133 2938 satisfactum
1173 2883 1279 2951 esset,
1314 2868 1337 2934 si
1394 2929 1395 2934 ,

308 2996 365 3060 pro
397 2977 516 3059 γνῶναι
545 2973 702 3060 legeretur
732 2974 893 3062 γυωστόν,·
929 2985 961 3039 at
996 2996 1069 3039 eum
1104 2976 1248 3041 omnium
1283 2993 1336 3038 usu
1394 2975 1395 2980 ’

308 3076 380 3142 trita
407 3076 448 3142 sit
474 3076 610 3142 formula
635 3079 690 3143 καὶ
715 3080 831 3165 τυφλῷ
855 3077 965 3163 δῆλον,
994 3078 1087 3142 etiam
1109 3078 1336 3166 Aristophanes

310 3179 446 3246 scribere
465 3180 588 3246 debuit:

847 3282 943 3369 δῆλον
962 3278 1033 3369 ὁτιὴ
1052 3284 1107 3348 καὶ
1123 3285 1240 3372 τυφλῷ

415 3387 511 3474 δῆλον
531 3387 622 3454 δοκεῖ
637 3382 738 3453 τοῦθ’
760 3381 806 3464 ὥς
822 3424 866 3433 -

310 3525 343 3589 in
361 3547 425 3609 qua
443 3524 591 3590 orationis
610 3523 713 3589 forma
730 3523 813 3590 inest
830 3522 990 3588 vernilitas
1009 3522 1174 3608 quaedam,
1194 3520 1333 3590 Carionis
1394 3607 1395 3610 Ἴ

247 3695 252 3704 ,
311 3627 434 3694 scurrili
450 3628 579 3714 ingenio
597 3651 661 3693 non
678 3627 823 3713 indigna,
848 3639 987 3712 apertum
1011 3639 1054 3692 ast
1076 3629 1166 3692 etiam
1185 3650 1269 3693 τοοοο
1286 3625 1335 3690 λου

310 3743 449 3817 opertum
467 3734 572 3796 videri.
617 3730 739 3796 Vitium
758 3728 797 3794 ab
815 3729 855 3794 iis
873 3728 1050 3815 profectum
1068 3738 1130 3807 est,
1154 3730 1210 3813 qui
1231 3731 1334 3796 iterato
1395 3778 1396 3781 ,

310 3833 407 3919 δῆλον
426 3833 540 3899 offensi
558 3833 730 3899 orationem
752 3833 796 3897 ita
819 3831 880 3898 sibi
902 3832 1069 3897 emendare
1090 3830 1283 3912 viderentur,
1303 3836 1334 3893 ut

309 3934 399 3999 alteri
428 3941 548 4020 γνῶναι
580 3935 814 4003 substituerent.
866 3934 1016 4002 Fortasse
1047 3944 1151 4000 tamen
1181 3935 1333 4002 lenissima

310 4037 489 4104 coniectura
511 4037 712 4104 scribendum
736 4049 784 4105 est
803 4039 899 4124 δῆλον
918 4032 990 4123 ὁτιὴ
1009 4038 1063 4103 καὶ
1080 4034 1205 4125 τυφλὸς
1222 4044 1333 4125 γνῶναι

311 4142 402 4210 δοκεῖ
417 4135 528 4219 τοῦθ’,
548 4143 693 4206 nimirum
711 4144 760 4207 ool
776 4165 877 4208 τουτου
895 4143 1060 4228 τὐιοίἰίρουο
1077 4142 1137 4207 sibi
1153 4144 1271 4208 videtur
1286 4142 1333 4205 λου

309 4271 370 4314 esse
387 4248 474 4312 ualde
492 4245 665 4311 conducibil
680 4292 687 4307 .
