2859 4909
296 379 359 446 172
731 390 892 448 RANAE.

287 533 375 599 velut
396 531 481 619 apud
502 530 703 597 Herodotum
725 530 868 609 11‚152.
892 531 1044 616 aliosque.
1089 533 1205 617 ltaque
1227 541 1328 599 totum

287 636 393 704 locum
411 635 456 701 ita
471 634 608 722 refingo:

503 748 575 815 τοῖς
593 736 630 803 δὲ
646 737 809 820 μαλακοῖς
826 738 882 802 καὶ
900 738 1005 819 ξένοις
1021 738 1078 804 καὶ
1094 742 1257 825 πυρρίαις

352 841 409 907 καὶ
425 850 586 926 πονηροῖς
603 835 664 906 κάκ
681 844 836 929 πονηρῶν
854 829 931 908 orior
948 840 1059 907 πάντα
1074 840 1243 926 χρώμεθα

352 939 502 1029 ὑπέροις
520 938 745 1038 άφιχμίνοιοι.

287 1048 341 1114 Ex
371 1046 422 1114 his
454 1044 727 1114 emendationibus
759 1036 836 1114 οόοι
862 1045 974 1113 πάντα
1001 1046 1122 1132 recepi3
1157 1046 1327 1131 μαλακούς

288 1162 395 1217 autem
425 1148 571 1236 intelligit
600 1160 695 1235 poeta
723 1149 882 1237 pathioos,
918 1172 998 1234 quos
1034 1172 1131 1235 quam
1167 1161 1243 1237 apte
1277 1149 1327 1214 hio

288 1252 539 1321 oommemorarit
560 1262 655 1337 atque
677 1252 826 1338 antiquae
847 1251 922 1317 fidei
944 1264 976 1321 et
993 1252 1119 1319 virtutis
1141 1251 1325 1319 hominibus

288 1356 470 1443 opposuerit
496 1354 600 1441 quivis
626 1355 743 1421 videat.
787 1356 870 1421 Mox
896 1379 944 1421 vs.
974 1356 1047 1422 734.
1076 1351 1162 1421 ἀλλὰ
1189 1359 1247 1422 καὶ
1272 1360 1325 1423 νῦν

289 1449 430 1547 ὦνόητοι
446 1457 687 1545 μεταβαλόντες
703 1457 781 1537 τοὺς
797 1457 958 1543 τρόπους,
979 1459 1184 1525 scribendum
1204 1459 1325 1525 videtur

288 1557 347 1630 κάν
368 1567 438 1642 νῦν,
461 1585 542 1627 nuno
558 1574 648 1638 certe,
672 1561 712 1627 de
730 1583 794 1647 quo
812 1560 879 1627 dixi
897 1560 972 1628 olim
989 1561 1032 1627 ad
1048 1560 1223 1631 Menandri
1240 1561 1325 1628 Reli·

288 1665 379 1751 quias
396 1687 430 1758 p.
450 1664 523 1730 121.

740 1799 791 1854 Vs.
810 1798 869 1854 toa

339 1910 468 1992 σίτησιν
486 1900 585 1972 αὐτὸν
603 1901 636 1971 iv
654 1908 841 1994 πρυτανείῳ
860 1903 1036 1989 λαμβάνειν
1311 1993 1313 1996 ¹

338 2008 462 2096 θρόνον
479 2032 515 2074 τε
532 2013 591 2074 τοῦ
609 2006 788 2086 Πλάτωνος
806 2005 893 2088 ίξῐς·
932 2015 1059 2075 ΞΛΝΘ.
1086 2007 1262 2091 μανθάνω.

338 2120 428 2181 AIA.
456 2110 519 2190 ἕως
538 2107 693 2198 άφίκοιτο
711 2106 769 2197 τὴν
786 2114 898 2197 τέχνην
916 2110 1119 2199 σοφώτερος.

350 2232 513 2298 Xanthiae
531 2232 610 2297 illud
627 2231 790 2315 μανθάνω
809 2230 911 2296 Aeaci
932 2231 1101 2296 narrationi
1122 2232 1319 2298 interiectum

155 2339 158 2344 ’
284 2346 408 2422 praeter
429 2357 496 2401 rem
518 2335 640 2401 illatum
663 2344 721 2400 est.
766 2333 866 2399 Recte
888 2334 949 2399 hoo
971 2333 1116 2412 haberet,
1142 2335 1170 2401 si
1192 2334 1318 2401 Aeaeos

284 2437 510 2527 interrogasset
525 2436 726 2521 μανθάνειςς
743 2446 778 2501 ut
797 2446 843 2503 est
862 2437 947 2524 apud
961 2435 1177 2523 Antiphonem
1191 2439 1316 2526 Fragm

285 2538 378 2609 Com.
398 2540 460 2607 vol.
475 2541 538 2607 111.
553 2564 584 2628 p.
602 2541 673 2608 109.
691 2541 861 2627 ipsumque
878 2538 1125 2638 Aristophanen]
1143 2540 1209 2607 Av.
1227 2541 1317 2608 1003.

283 2643 397 2729 Iteqoe
414 2643 519 2710 deleta
536 2643 700 2710 Xanthiae
718 2665 855 2729 persona
874 2642 1075 2709 scribendum
1093 2644 1252 2730 suspicorz

404 2735 528 2831 θρόνον
545 2770 581 2812 τε
598 2751 658 2813 τοῦ
678 2745 874 2825 Πλούτωνος
893 2743 979 2834 ἑξῆς,
997 2745 1199 2831 μανθάνεις,·

404 2845 467 2925 ἕως
485 2843 640 2936 ἀφίκοιτο
658 2844 716 2915 τόν
734 2853 846 2936 τέχνην
865 2848 1067 2937 σοφώτερος.

282 2950 334 3015 Ita
351 2948 464 3016 Crates
482 2951 567 3036 apud
585 2951 708 3017 Pollae.
727 2951 791 3016 IX.
806 2974 838 3038 p.
854 2952 906 3018 62.
925 2948 1077 3039 ἡμίεκτόν
1095 2950 1167 3020 ἐστι
1181 2957 1312 3038 χρυσοῦ,

280 3052 481 3139 μανθάνεις,·
500 3048 713 3139 ὀκτάᾈολοί.
742 3054 1312 3148 CratinusAthenaeiXIV.p.653.a

281 3156 421 3240 ἰσχάδας
439 3155 542 3235 οἴσεις
559 3161 625 3223 τῶν
642 3158 819 3241 μελαινῶν,
837 3157 1036 3242 μανθάνεις,·
1054 3157 1255 3245 Antiphanes
1272 3155 1312 3223 ib.

281 3260 328 3327 X.
351 3284 383 3349 p.
405 3259 471 3327 455
493 3260 518 3325 f.
545 3260 750 3348 τροφαλίδας
770 3285 806 3327 τε
832 3260 1090 3350 λεπτοοάρκους,
1116 3262 1311 3344 μανθάνεις,·
1345 3241 1352 3258 ’

279 3362 378 3451 τυρὸν
401 3365 495 3451 λέγω.
540 3362 688 3430 Eubulus
712 3364 797 3450 apud
821 3362 919 3430 sehol.
943 3363 982 3429 ΙΙ.
1002 3390 1029 3430 π
1046 3364 1120 3430 234.
1143 3359 1265 3451 εόχρων
1280 3387 1312 3430 τι

279 3466 404 3548 κιλλόν,
436 3466 635 3552 μανθάνεις,·
670 3471 872 3553 θερίοτριον.
917 3465 1030 3533 Alexis
1060 3465 1221 3534 Athenaei
1248 3465 1310 3532 lx„

280 3594 313 3658 p.
337 3571 411 3637 383.
438 3574 625 3658 παρατίθει
646 3565 673 3657 χ’
694 3565 779 3636 αὐτὰ
800 3581 878 3650 ποί,
904 3564 983 3637 ὅταν
1006 3575 1214 3659 παρατιθῇς,
1235 3594 1311 3655 μαν-

279 3673 414 3753 θάνεις,·
437 3671 617 3760 ἐψυγμένα,
641 3684 673 3738 ot
694 3672 791 3740 VIII.
813 3696 845 3759 p.
868 3672 942 3740 354.
966 3674 997 3740 d.
1022 3668 1211 3757 ἁπανταχοῦ
1235 3665 1308 3762 φήό

280 3772 412 3863 άχαθὸν
431 3771 529 3855 είναι,
547 3775 748 3861 μανθάνεις,·
765 3773 803 3843 τὸ
825 3772 856 3843 δ’
871 3772 932 3863 ἡδὺ
951 3774 1086 3856 πάντως
1103 3772 1175 3863 ἡδύ.

733 3912 782 3967 Vs.
802 3912 861 3967 771.

401 4010 454 4081 ότι
473 4013 512 4100 δὴ
531 4012 673 4104 κατῆλθ’
689 4011 890 4104 Εὐριπίδης,
912 4013 1118 4083 ἐπεδείκνυτο
1137 4054 1179 4065 -

343 4134 407 4202 Pro
431 4131 469 4222 δὴ
492 4135 623 4202 Berooo.
648 4146 679 4202 et
697 4135 848 4203 Cantabr.
869 4140 898 4202 1.
923 4138 959 4203 δὲ
981 4137 1113 4216 habent,
1136 4138 1221 4223 quod
1243 4136 1307 4203 sine

276 4239 492 4308 controversia
512 4260 623 4304 verum
645 4249 703 4307 est.
749 4237 804 4306 Sic
827 4240 912 4306 enim
928 4240 1058 4307 demum
1074 4240 1212 4308 narratio
1227 4248 1307 4307 reete
