2859 4909
353 384 871 444 THESMOPHORIAZUSAE.
1069 374 1132 441 159

118 522 182 613 τιή.
224 526 307 591 Tum
330 530 527 614 παρέπτατο
550 527 690 608 codices,
714 527 801 613 quod
824 527 943 594 servari
960 538 1079 615 potest,
1103 529 1132 595 si

111 630 153 695 hio
167 629 326 716 Euripidis
343 651 456 696 versus
475 641 535 697 est.

535 765 587 821 Vs.
605 765 683 820 1026.

281 864 338 936 ὅδε
355 867 417 956 γάρ
436 866 455 936 ὃ
473 870 607 958 Σκύθης
623 868 731 937 πάλαι
748 894 808 954 μοι
826 870 937 959 φύλαξ

282 968 432 1061 έφέστηκ’
450 968 546 1040 ὀλοὸν
564 968 686 1061 ἄφιλον
704 971 872 1060 ἐκρέμασε.

161 1093 302 1160 Violatos
325 1115 474 1159 numeros
500 1093 676 1159 restituturi
697 1093 902 1160 Hermannus
924 1103 956 1160 et
977 1093 1127 1186 Engerus

108 1215 188 1262 versu
213 1195 312 1262 altero
340 1190 462 1284 ἄφιλον
489 1195 527 1276 ὃς
553 1194 712 1283 ἐκρέμασε
739 1198 946 1284 scripserunt,
977 1197 1127 1264 orationis

108 1299 267 1386 elegantiae
284 1322 350 1365 non
367 1299 484 1386 optime
503 1300 730 1366 consuluerunt
735 1325 745 1380 ;
767 1297 808 1366 ab
826 1300 887 1366 hoo
904 1300 1032 1385 quidem
1050 1300 1128 1366 vitio

106 1401 193 1468 libera
216 1413 265 1469 est
293 1402 408 1469 Cobeti
436 1403 615 1469 emendatio
642 1400 831 1492 ἐφεστηκὼς
858 1403 1036 1482 scribentis,
1069 1404 1127 1470 aed

106 1515 226 1571 metrum
247 1505 438 1593 gravissime
459 1528 675 1593 corrumpens.
722 1505 934 1574 Scribendum
955 1515 1023 1573 erat
1049 1504 1127 1594 έφε-

534 1745 584 1801 Vs.
603 1745 680 1800 1065.

565 1841 592 1916 ὦ
610 1847 669 1932 νὺξ
686 1849 774 1935 ἱερά,

341 1949 388 2031 ὥς
404 1950 529 2042 μακρὸν
548 1952 703 2039 ἵππευμα
722 1952 868 2034 διώκεις,·

34 2139 39 2160 ,
158 2073 273 2139 Hiatus
301 2073 423 2139 vitandi
449 2096 546 2139 eausa
571 2073 732 2161 Bergkius
760 2074 894 2140 coniecit
918 2071 1043 2158 μακρὸν
1071 2070 1126 2154 ὥς,

100 2177 146 2241 eui
169 2176 303 2264 praetuli
330 2182 405 2255 πῶς
430 2173 569 2263 μακρὸν,
596 2177 657 2243 hoc
684 2200 781 2243 sensu
807 2179 861 2264 qui
877 2173 921 2264 fit
945 2189 980 2242 ut
1003 2179 1127 2264 lonpum

101 2304 212 2345 cursum
225 2277 446 2368 persequaris?

533 2415 584 2471 Vs.
603 2415 680 2469 1089.

223 2528 310 2588 ΤΟΞ.
334 2519 492 2587 κακκάσκι
508 2545 587 2605 μοις
630 2530 722 2587 ΕΥΡ.
745 2518 902 2586 κακκάσκι
918 2545 988 2603 μοι.

154 2641 183 2706 F
184 2641 333 2708 ritzsohio
358 2640 533 2720 κακκάσκις
558 2642 579 2707 i.
603 2663 631 2706 e.
654 2639 866 2722 καταχάσκει,
893 2639 1024 2728 Engero
1049 2665 1127 2707 κακ·

97 2743 204 2811 κάσκει
220 2746 242 2811 i.
258 2768 286 2811 ε.
305 2744 475 2831 καγχάζεις
492 2744 693 2811 scribendum
707 2743 842 2809 videtur.
877 2744 962 2810 illud
975 2745 1003 2812 ai
1015 2765 1127 2811 verum

97 2858 153 2929 est,
177 2847 274 2913 homo
296 2847 454 2914 barbarus
468 2849 612 2914 dativum
629 2870 703 2913 oum
720 2847 936 2930 καταχάσκειν
954 2849 1125 2928 coniunxit,

97 2951 357 3035 quemadmodum
383 2951 418 3016 in
448 2952 626 3039 fragmento
658 2951 808 3036 anonymi
834 2951 947 3016 comici
973 2951 1127 3018 habemus

96 3059 126 3120 τέ
145 3056 346 3141 καταγελᾶτε
366 3065 438 3132 τοῖς
461 3051 554 3138 ἐμοῖς
572 3052 801 3141 παθημάτοις.
846 3052 888 3120 V.
909 3053 1001 3120 Com.
1020 3077 1125 3142 graec.

13 3217 14 3238 ¹
95 3157 129 3223 fr.
146 3156 208 3223 IV.
226 3180 258 3244 p.
272 3157 352 3224 625.
396 3157 467 3223 Non
489 3158 604 3223 iniuria
625 3167 733 3223 tamen
750 3157 886 3223 obvertit
902 3156 1051 3243 Engerus
1069 3182 1128 3223 κα-

94 3261 264 3344 ταχάσκειν
283 3258 438 3349 Scytham
460 3261 515 3326 vix
536 3261 569 3326 in
591 3259 782 3327 κακκάσκειν
804 3269 997 3325 mutaturum
1015 3259 1125 3325 fuisse.

94 3362 128 3428 In
145 3387 185 3430 ea
202 3374 318 3443 autem,
337 3387 433 3449 quam
451 3364 520 3451 ipse
537 3363 711 3450 proposuit,
730 3361 983 3449 interpretatione
1000 3362 1127 3429 dativus

94 3466 240 3535 abundat.
286 3465 395 3550 Quare
417 3466 589 3533 videndum
612 3477 722 3533 estne
744 3460 901 3532 κᾶκκάσκι
926 3489 987 3550 μοι
1013 3463 1127 3531 dixerit

95 3567 214 3659 Scytha
231 3571 251 3637 i.
271 3593 300 3637 e.
318 3572 374 3637 καὶ
392 3567 560 3656 έμχάσκεις
577 3593 646 3653 μοι.

476 3723 528 3779 Vs.
546 3723 736 3777 1148-1159.

220 3850 289 3917 στρ.
313 3823 405 3914 ἥκετε
424 3823 456 3892 d'
473 3823 632 3917 εᾶφρονες
649 3827 750 3905 ἵλαοι,

312 3931 462 4012 πότνιαι,
483 3927 584 4011 ἄλσος
602 3929 637 4010 ές
652 3926 823 4015 ὑμέτερον,
843 3925 913 3997 ἄνθ’

220 4041 290 4096 1150
311 4031 470 4124 ἀνδράσιν
488 4030 526 4101 οὗ
546 4039 648 4117 θέμις
665 4033 799 4121 εἰσορᾶν

95 4177 99 4184 ·
212 4155 214 4160 ·
314 4134 411 4225 ἄρμια
429 4133 528 4222 σέμν’,
548 4136 603 4204 ἵνα
621 4137 776 4222 λαμπάσι
795 4146 950 4227 φαίνετον

315 4235 483 4331 ἄμβροτον
502 4236 624 4330 ἄψιν.
721 4310 724 4314 ,
795 4308 798 4314 ,
864 4308 866 4312 ,
