2859 4909
282 373 332 438 12
627 384 959 442 AOHARNENSES.

280 539 316 594 ut
337 525 415 594 mihi
436 523 561 594 videtur
582 526 758 594 certissima
782 530 817 592 τί
836 520 869 610 μ’
891 521 928 591 οὗ
956 526 1209 613 κατεψώλησας,
1236 527 1259 592 i.
1285 521 1321 592 e.¹
1343 549 1346 552 ‘

278 638 320 722 τῇ
353 633 453 720 ψωλῇ
491 629 695 718 κατήλασας,
735 630 1003 715 quemadmodum
1042 636 1320 717 καταγιγαρτίσαι

278 736 361 801 dixit
381 734 613 820 Aristophanes
635 733 778 799 Acharn,
801 732 875 799 275.
898 734 932 797 in
956 755 1019 818 quo
1042 733 1139 799 verbo
1160 740 1318 821 γίγαρτον

279 862 345 905 non
363 838 402 904 de
420 836 565 903 muliebri
583 835 735 915 membro,
754 846 788 901 ut
807 836 906 902 schol.
925 836 1080 922 opinatur,
1100 836 1157 902 sed
1174 838 1213 903 de
1231 838 1319 902 virili

278 952 369 1030 parte
395 939 633 1028 intelligendum
658 940 793 1006 videtur.
840 937 992 1006 Similiter
1015 940 1225 1025 nequitiarum
1247 964 1320 1006 ma·

280 1045 373 1133 gistri
391 1055 522 1111 utuntur
538 1065 617 1110 voce
635 1042 761 1123 κόκκος.

693 1229 745 1286 Vs.
763 1229 824 1284 595.
841 1228 902 1284 597.

390 1331 500 1420 δστιςς
518 1338 657 1422 πολίτης
672 1334 823 1424 χρηστός,
844 1330 882 1401 οὗ
902 1333 1157 1421 σπουδαρχίδης.

390 1439 429 1508 cri
449 1436 480 1506 δ’
497 1438 533 1521 ἐξ
550 1435 628 1507 dccv
647 1462 711 1524 περ
730 1434 748 1505 δ
767 1438 923 1523 πόλεμος,
942 1441 1175 1526 μισθαρχίδης.

347 1561 466 1626 Raram
487 1583 599 1626 vocem
622 1557 868 1646 σπουδαρχίδης
885 1560 1115 1626 restituendam
1132 1583 1203 1626 esse
1220 1561 1320 1626 eredo

283 1664 437 1750 Eupolidi
460 1664 493 1727 in
514 1662 655 1728 Bekkeri
676 1662 801 1729 Anecd.
824 1686 855 1750 p.
873 1662 948 1743 453,
966 1663 1019 1729 21.
1057 1664 1202 1752 (Fragm.
1222 1664 1319 1731 Com.

280 1768 328 1833 11.
347 1790 380 1854 p,
398 1766 487 1847 518.)
506 1761 691 1844 δι’σπουδος·
714 1760 795 1852 ὁμὴ
815 1766 1016 1845 σπουδαῖος·
1040 1761 1145 1846 οὕτως
1158 1763 1319 1857 Ἅρχίδης.

281 1864 432 1948 Εδπσλις
450 1868 590 1936 Πόλεσιν
604 1864 795 1947 (άσπουδος
818 1865 849 1934 δ’
866 1865 946 1955 άνηρ
965 1871 1151 1937 σπουδαίου
1173 1868 1319 1939 κακίων’.

284 1973 376 2057 Quae
398 1972 491 2038 foede
513 1981 659 2058 corrupta
681 1982 764 2044 suut.
810 1972 943 2059 Corrige
962 1969 1042 2061 ὁμὴ
1062 1974 1321 2062 σπουδαρχίδης.

282 2072 389 2156 οὕτως
397 2070 776 2164 Ε.Πάλεσιν“άσπουδος
785 2071 816 2141 δ’
827 2071 906 2164 ἀνὴρ
917 2076 1164 2164 οπουδαρχίδου
1173 2076 1320 2168 κακίον’.

283 2182 323 2245 In
345 2190 496 2265 sequente
518 2202 613 2246 versu
633 2179 744 2245 nescio
766 2179 843 2264 quid
865 2180 1001 2245 nominis
1023 2181 1065 2246 sit
1080 2183 1318 2271 μισθαρχίδης,

281 2284 370 2369 quod
402 2284 542 2371 pessime
577 2282 617 2347 de
651 2282 917 2348 mercenariorum
951 2283 1032 2349 duee
1062 2284 1320 2371 interpretantur.

282 2386 396 2477 Itaque
415 2387 528 2474 scripsi
544 2385 778 2474 μισθαρνίδης,
798 2385 818 2451 i.
838 2408 865 2451 e.
883 2381 1010 2470 μισθὸν
1029 2382 1214 2472 ἀρνύμενος.

734 2572 784 2628 Vs.
803 2573 863 2628 685.
934 2609 937 2612 ,

328 2681 347 2748 δ
367 2680 404 2747 δὲ
421 2684 548 2745 νεανίαν
567 2676 673 2764 ἑαυτῷ
693 2678 889 2757 σπουδάσας
907 2679 1093 2768 ξυνηγορεῖν

329 2781 362 2862 ἐς
379 2781 480 2864 τάχος
497 2786 593 2847 παίει
612 2780 785 2861 ξυνάπτων
803 2782 1014 2870 στρογγύλοις
1031 2794 1103 2863 τοῖς
1122 2783 1273 2873 ῥήμασιν.

350 2904 401 2968 Ita
426 2902 504 2966 haec
531 2901 616 2967 edidi
642 2923 714 2967 cum
739 2901 907 2967 Dindorfio
932 2903 1122 2970 Elmsleium
1149 2913 1303 2988 sequutus
1309 2931 1320 2983 ;

283 3005 437 3096 librorum
455 3005 609 3090 scriptura
627 3014 675 3070 est
690 2999 707 3071 ὁ
724 3004 760 3071 δὲ
772 3010 910 3085 νεανίας,
930 3030 950 3071 a
962 3029 1025 3091 qna
1038 3008 1093 3092 qui
1106 3006 1321 3073 recedendum

284 3132 357 3175 esse
370 3116 454 3174 reete
468 3108 596 3194 negavit
609 3107 822 3188 Hamakerus,
843 3106 973 3197 ἔοᾴστει
986 3110 1114 3198 corrigit
1126 3132 1184 3196 pro
1198 3107 1317 3198 ἑαυτῷ,

282 3223 316 3278 et
338 3206 397 3291 κάς
418 3209 518 3293 τάχος
539 3234 595 3297 pro
618 3208 651 3290 ἒς
670 3210 780 3293 τάχος.
826 3211 900 3278 Ηοο
917 3213 1046 3297 invento
1068 3214 1127 3278 viri
1144 3214 1322 3279 acutissimi

286 3317 333 3383 sic
350 3315 503 3381 utendum
525 3313 658 3380 arbitror
680 3326 715 3379 ut
733 3315 787 3380 vix
804 3315 894 3381 litera
911 3327 1032 3382 mutata
1050 3316 1218 3383 scribatur:
1244 3312 1262 3384 ὁ
1283 3317 1320 3383 δὲ

284 3424 415 3498 νεανίας
433 3417 579 3507 induetur
598 3417 795 3498 σπουδάσας
813 3419 1006 3506 ξυνηγορεῖν,
1025 3420 1059 3485 in
1076 3420 1192 3505 quibus
1211 3444 1322 3486 σπου-

286 3523 392 3602 δάσας
415 3524 600 3609 ξυνηγορεῖν
622 3522 663 3589 de
686 3521 833 3588 simulato
861 3545 969 3588 senem
996 3522 1186 3589 defendendi
1213 3525 1321 3590 studio

285 3626 481 3712 interpretor.
534 3624 589 3690 Ad
617 3622 762 3712 ἑσᾴττων
793 3648 942 3711 compara
967 3625 1051 3711 Equ.
1079 3627 1153 3693 363.
1191 3624 1254 3712 ἐγὼ
1286 3623 1318 3693 δ’

286 3724 485 3815 ἐπεσπηδῶν
502 3752 539 3814 γε
556 3729 613 3816 τὴν
630 3725 752 3816 βουλὴν
768 3733 828 3816 βίᾳ
845 3728 984 3815 κυκήσω.

739 3916 789 3972 Vs.
807 3916 866 3971 690.

327 4014 399 4085 εἶτα
416 4018 505 4101 λύζει
521 4022 578 4087 καὶ
597 4020 729 4110 δακρύει
746 4023 801 4088 καὶ
819 4023 906 4107 λέγει
924 4020 1009 4108 πρὸς
1026 4019 1104 4102 τοὺς
1122 4023 1251 4110 φίλους.

348 4138 440 4205 Haec
454 4161 645 4226 quamquam
662 4142 740 4208 nihil
757 4142 876 4209 habent
892 4144 925 4207 in
943 4165 1006 4228 quo
1024 4143 1095 4227 quis
1113 4141 1224 4207 merito
1242 4142 1323 4210 hae·

281 4252 363 4324 reat,
381 4253 487 4310 tamen
503 4267 567 4309 non
584 4245 692 4326 invito,
711 4256 746 4311 ut
764 4246 888 4332 opinor,
906 4255 1001 4334 poeta
1017 4245 1164 4312 revocavi
1183 4244 1322 4331 scriptu·
