2859 4909
271 352 338 418 230

274 504 383 573 ούρήοο)
393 509 423 561 et
432 502 582 573 ούρηοοιιαι
599 507 641 561 49.
651 508 711 561 206.

274 587 334 644 ούτι
341 596 446 662 χαίρων
462 591 505 646 43.

273 676 307 730 ού
325 676 377 732 τὸν
393 681 446 731 Διά
466 693 518 749 pro
540 676 573 731 ού
592 677 629 746 μὰ
647 678 699 734 τὸν
716 685 768 734 Δία

308 762 367 818 135.

270 846 432 922 ούρᾴζεοθαι
450 849 508 903 188.

271 932 311 992 τίς
331 933 417 990 finale
435 935 573 1005 quomodo
591 943 769 994 construatur

308 1021 366 1075 190.

271 1103 370 1173 ‹lello›
388 1106 447 1160 222.

469 1252 504 1311 Ρ.
528 1245 569 1311 (Ι).

272 1361 476 1434 πανδοκεύτρια
485 1361 577 1420 δίαιτα
594 1367 653 1421 163.

273 1447 454 1521 παραλείφειν
462 1456 492 1506 et
502 1450 687 1524 περιαλείφειν
707 1454 765 1509 193.

273 1534 499 1606 παραφυλάττειν
508 1537 766 1609 θῑκαταφολάττειν

273 1709 388 1774 πάσχειν
397 1704 473 1761 δεινὰ
487 1709 634 1779 πράγματα
652 1709 711 1765 217.

272 1796 329 1846 παῦ
339 1808 390 1862 pro
401 1796 473 1845 παῦε
489 1792 531 1847 62.

272 1881 361 1947 περᾷν
370 1883 399 1933 et
408 1884 549 1947 περαίνειν
567 1880 625 1933 174.

269 1962 354 2017 Plato
363 1961 485 2018 comicus
503 1964 545 2018 14.

272 2048 571 2117 πλήσοεινΑίίὶοίεοοο
579 2050 712 2108 usitatum
722 2054 763 2110 30.

268 2134 371 2190 Plutus
380 2141 409 2191 et
417 2134 502 2191 Pluto
519 2135 578 2191 214.

267 2220 375 2293 Pnyeis
383 2221 494 2278 moenia
511 2223 569 2277 195.

271 2315 341 2375 ποίᾳ
350 2336 384 2357 =
395 2311 455 2366 πῶς
471 2309 513 2362 49.

271 2395 358 2450 πόκος
366 2392 459 2464 ἡρινός
477 2395 535 2450 158.

267 2477 370 2533 Pollux
385 2479 427 2534 96.

272 2563 343 2617 πολύ
355 2564 427 2619 πολύ
445 2567 504 2622 219.

270 2648 464 2721 πολυχαρείδης
485 2653 544 2709 136.

270 2733 432 2807 πορνερδιον
439 2737 486 2792 vel
495 2740 641 2813 πορνῳδία
658 2744 718 2800 179.

269 2821 372 2876 πότνια
380 2821 471 2892 prima
478 2822 567 2896 longa
581 2827 640 2883 129.

270 2908 419 2980 πράγματα
427 2905 503 2962 δεινὰ
513 2914 692 2970 πεπονθέναι
701 2918 760 2972 217.

269 2993 450 3066 προσβιβάζοι
459 2992 548 3068 λέγων
565 2997 607 3053 90.

268 3080 620 3153 πρόοωπαεπρόοοιπον
637 3085 696 3143 209.

268 3167 367 3238 πρῴην
377 3172 406 3223 et
416 3171 531 3235 πρῶτον
539 3169 658 3227 confusa
676 3174 734 3229 185.

267 3257 384 3323 πρῶτον
401 3253 484 3316 ξύλον
497 3260 526 3310 et
539 3254 572 3310 τὸ
587 3261 704 3329 πρῶτον
717 3259 762 3323 ξύ-

301 3337 352 3392 λον
369 3338 394 3393 2.

266 3430 380 3496 πτίρων
388 3424 515 3483 aviculae
524 3443 626 3486 nomen
643 3432 685 3486 87.

266 3514 323 3582 πῦρ
332 3526 383 3582 pro
393 3513 512 3582 πυρετός
528 3514 587 3570 105.

264 3597 370 3668 φάβιον
378 3596 475 3653 lexicis
485 3598 644 3657 addendum
661 3604 720 3660 220.

264 3683 444 3756 φθέγγεσθαι
456 3684 491 3740 de
503 3693 590 3742 cantu
598 3689 669 3761 galli
678 3692 760 3763 galli·

298 3769 380 3824 nacei
397 3770 456 3824 192.

263 3853 335 3924 φιίιῦ
345 3871 408 3909 eum
417 3858 565 3928 participio
583 3860 642 3915 213.

261 3938 441 4010 Phrynichus
448 3941 572 4000 Bekkeri
590 3947 649 4001 206.

465 4088 500 4145 Ρ.
522 4090 558 4148 R.

260 4200 358 4272 ῥῶπος
368 4203 399 4253 ἐν
408 4207 534 4267 ποιηταῖς
550 4201 592 4257 80,

716 370 867 426 INDEX,

1045 574 1075 632 S.

814 681 920 751 σαθρὸς
929 689 958 739 et
967 687 1073 753 οαπρός
1082 687 1199 742 confusa
1216 688 1274 742 215.

812 771 993 837 οκαταιβάτης
1022 771 1116 827 lexicis
1145 774 1302 830 addendum

810 938 850 994 τώ
861 940 947 1008 σκέλη,
966 958 1023 997 non
1032 943 1066 997 τὰ
1076 946 1155 1013 σκέλη
1165 946 1234 1002 dixit
1241 948 1302 1002 Ari-

845 1027 997 1097 stophanes
1016 1030 1075 1083 141.

811 1110 897 1167 Solon
908 1114 1072 1169 emendatus
1088 1116 1130 1171 95.

811 1196 920 1254 somnia
929 1201 1067 1256 matutina
1084 1203 1125 1256 24.

812 1280 965 1354 Sophocles
973 1285 1015 1340 94.
1025 1288 1084 1341 210.
1095 1287 1161 1343 Vll.

811 1367 1028 1445 οποοὸραρχίδης
1046 1376 1087 1429 12.

811 1460 946 1527 στέφανος
955 1463 984 1512 et
993 1461 1113 1529 στεφάνη
1130 1462 1173 1514 64.

809 1539 911 1597 strabo
919 1544 1084 1600 emendatus
1101 1548 1160 1602 150.

810 1628 988 1702 οτριβιλίκιγξ
995 1632 1202 1688 substantivum
1220 1637 1259 1689 19,

810 1716 944 1785 στρόφιον
966 1716 1069 1783 λύεται,
1097 1735 1154 1773 non
1179 1721 1300 1774 ἐκδύεται

843 1799 902 1855 133.

809 1883 912 1940 σύνδυο
930 1903 987 1942 non
1000 1888 1128 1945 dixerunt
1141 1899 1244 1962 poetae
1258 1910 1299 1948 οο-

842 1972 908 2027 mici
924 1974 982 2029 215.

1006 2122 1042 2181 Τ.
1066 2118 1105 2182 Θ.

811 2235 944 2302 Ταίναρος
953 2238 982 2289 et
994 2236 1132 2309 Τάρταρος
1151 2238 1208 2303 165.

807 2314 876 2370 τάπὶ
887 2318 993 2389 Θρᾴκης
1008 2321 1051 2375 42.

806 2409 1017 2473 ταχέωςταχεοις
1035 2407 1094 2462 207.

806 2488 892 2544 ταύτὰ
902 2491 1045 2548 θῒταύτόν
1063 2495 1122 2549 195.

805 2575 994 2633 τεαείεοίωα
1011 2577 1070 2635 175.

806 2666 917 2728 τέμνειν
925 2680 977 2736 pro
986 2672 1167 2734 κατατέμνειν
1184 2669 1208 2723 6.

804 2750 986 2820 τετράπτολις
1008 2757 1038 2807 et
1062 2754 1225 2824 τετράπολις
1251 2756 1298 2809 122

848 2851 889 2905 sq.

804 2916 900 2987 τῆίικα
917 2922 1036 2979 fortasse
1052 2924 1235 2998 Aristophani
1255 2946 1294 2982 re-

839 3008 1010 3064 stituendum
1027 3011 1052 3064 8.

804 3093 975 3160 τηνελίεὶζειν
988 3096 1172 3166 Aristophani
1189 3100 1294 3155 restitu-

838 3184 897 3233 tum
915 3181 957 3235 55.

804 3266 848 3330 τιή
865 3265 923 3320 223.

804 3356 889 3423 τοίγε
907 3352 958 3407 197
967 3369 1008 3423 sq.

803 3441 924 3492 τοοούτο
934 3445 964 3494 et
972 3444 1109 3495 τοσοῦτον
1125 3443 1185 3497 218.

802 3522 931 3579 traiectio
940 3526 1088 3582 verborum
1104 3529 1163 3583 209.

803 3615 930 3681 τρίορχος
938 3614 1098 3685 οίτριόρχης
1116 3615 1174 3670 108.

803 3697 909 3766 τύμβος
925 3702 954 3752 et
969 3701 1056 3769 τῦφος
1072 3698 1107 3756 de
1124 3702 1236 3758 senibus
1249 3720 1289 3757 ea-

836 3780 1096 3853 pularibusdietum
1112 3786 1171 3844 204

804 3868 981 3938 Θαρρελείὸης
990 3876 1020 3926 et
1030 3872 1210 3943 Θαρραλείδης
1226 3877 1263 3930 82.

802 3952 1014 4024 Theophrastus
1023 3957 1186 4014 emendatus
1204 3961 1258 4015 129.

802 4037 1002 4113 Theopompus
1024 4043 1146 4100 comicus
1164 4046 1287 4102 emenda-

836 4131 882 4178 tus
900 4127 942 4180 41.

801 4211 934 4270 θέσκελος
952 4215 1080 4269 105.140.
