2859 4909
291 419 355 485 100
745 424 869 514 nvnc

293 595 365 639 sum
385 579 471 636 recte
492 567 713 646 indicandum,
733 567 773 652 ja
794 565 928 654 bringa
951 566 1006 632 sie
1024 565 1170 631 heraus.
1215 566 1250 631 Is
1269 567 1340 631 fre-

293 697 394 760 quens
416 672 589 759 particulae
613 670 694 757 δῆτα
716 692 795 736 usus
818 679 881 749 est,
905 692 932 735 e.
952 691 981 735 c.
999 669 1138 757 Lysistr.
1160 668 1254 735 1245.
1275 668 1337 736 ubi

293 777 418 845 Laconi
431 775 547 841 dicenti
561 763 589 840 oi
602 773 841 861 Πολυχαρείδα,
861 772 941 858 λαβὲ
958 769 1001 839 τὰ
1019 771 1216 861 φυσητήρια,
1235 772 1338 838 infert

293 879 500 947 Atheniensis
523 877 604 963 λαβέ
626 876 709 963 δῆτα
731 873 791 954 τὰς
814 875 1019 964 φυσαλλίδας
1041 874 1126 961 πρὸς
1141 880 1209 943 τῶν
1226 881 1336 945 θεῶν.

293 983 338 1052 Et
356 983 403 1051 sic
420 981 605 1070 saepissime
622 980 868 1065 Aristophanes.

748 1114 798 1171 Vs.
818 1114 877 1169 710.

340 1228 489 1314 σπείρειν
505 1225 579 1307 μέν,
608 1214 688 1288 όταν
705 1223 841 1307 γέρανος
858 1215 1015 1308 κρώζουδ
1032 1217 1065 1299 ές
1082 1218 1138 1307 τὴν
1155 1220 1286 1307 Λιβύην
1319 1263 1322 1270 -

897 1329 1078 1413 μεταχωρῇ,

340 1432 396 1498 καί
426 1428 591 1517 πηδάλιον
620 1425 696 1494 τότε
731 1424 900 1515 ναυκλήρῳ
934 1425 1053 1516 φράζει
1083 1425 1287 1515 κρεμάσαντι

899 1529 1086 1608 καθεύδειν,

342 1632 414 1704 εἶτα
433 1629 464 1701 δ’
481 1629 607 1721 Ὀρέστῃ
624 1633 760 1714 χλαῖναν
777 1628 937 1720 ὑφαίνειν.

362 1754 508 1820 Medium
535 1776 663 1819 versum
689 1776 754 1820 non
780 1752 873 1818 credo
901 1754 1014 1820 erroris
1044 1754 1216 1819 immunem
1244 1775 1337 1832 esse3

298 1883 361 1947 quo
388 1857 471 1924 enim
499 1865 641 1944 spectare
668 1856 809 1922 dicemus
841 1854 982 1944 φράζειλ
1010 1857 1052 1922 ad
1082 1861 1215 1946 γέρανον
1244 1856 1338 1921 haud

297 1962 409 2041 dubie,
436 1960 494 2027 sed
516 1982 554 2026 eo
575 1960 645 2046 ipso
663 1960 763 2027 oratio
784 1960 892 2025 nescio
915 1982 1011 2045 quam
1032 1959 1120 2025 ducit
1141 1959 1337 2040 scabritiem,

207 2099 211 2107 ·
298 2091 395 2153 quam
421 2063 508 2131 facili
538 2086 635 2149 opera
664 2063 765 2128 vitare
795 2073 890 2148 poeta
914 2073 1050 2150 poterat,
1085 2064 1112 2128 si
1138 2062 1276 2131 scribere
1307 2063 1338 2128 ei

298 2170 473 2259 placuisset
493 2168 549 2233 καὶ
571 2165 736 2253 πηδάλιον
757 2171 804 2252 τῷ
822 2165 988 2255 ναυκλήρῳ
1008 2165 1126 2254 φράζῃ.
1172 2165 1239 2250 Qui
1256 2189 1338 2231 mox

299 2274 441 2360 sequitur
459 2293 569 2338 versus
588 2268 661 2335 714.
683 2264 778 2354 ἡνίκα
795 2281 926 2336 πεκτεῖν
944 2262 1015 2357 ripa
1032 2268 1210 2357 προβάτιον
1228 2267 1338 2335 πόκον

299 2374 425 2466 ἠρινόν,
453 2376 487 2441 in
513 2397 551 2439 eo
578 2395 642 2439 non
668 2371 772 2459 placet
799 2366 871 2459 κόρα
896 2383 968 2459 post
990 2372 1086 2438 verba
1109 2369 1221 2459 ἑτέραν
1244 2366 1339 2457 ὥραν

301 2478 497 2568 ἀποφαίνει,
524 2499 606 2562 quae
631 2475 775 2562 proxime
801 2477 1004 2553 antecedunt,
1036 2476 1213 2562 repetitum.
1259 2475 1339 2541 Ari-

301 2582 472 2671 stophanes
490 2581 627 2646 fortasse
644 2575 759 2665 καιρὸς
777 2579 954 2665 scripserat.

752 2712 802 2769 Vs.
821 2713 880 2768 717,

345 2818 500 2898 ἐλθόντες
521 2815 583 2907 γάρ
607 2823 741 2906 πρῶτον
763 2813 814 2884 ἐπ’
835 2814 923 2907 όρνις
945 2813 1031 2885 oliam
1053 2816 1140 2904 πρὸς
1158 2813 1294 2885 ἅπαντα
1347 2819 1351 2823 “

746 2991 751 3002 .
903 2926 1079 3007 τρέπεσθε,

344 3024 431 3116 πρός
448 3022 475 3093 τ’
494 3023 655 3114 ἐμπορίαν
673 3022 832 3114 καὶπρὸς
849 3025 964 3109 βιότου
983 3031 1107 3113 κτῆσιν,
1131 3024 1294 3113 καὶπρὸς

905 3129 1010 3215 γάμον
1028 3124 1156 3216 άνδρός.

365 3248 431 3315 Pro
450 3243 583 3316 ἅπαντα
602 3246 720 3314 Suidas
740 3246 817 3336 ἔργα
834 3249 931 3315 λεαίνει
949 3259 980 3315 et
998 3249 1168 3315 scholiasta
1184 3248 1227 3316 τὰ
1246 3249 1338 3340 ἐ’ργα,

298 3356 321 3422 i.
346 3377 373 3419 e.
397 3347 516 3440 τάργα,
543 3362 579 3417 ut
600 3363 684 3417 recte
708 3353 887 3418 emendavit
907 3351 1079 3418 Porsonus.
1125 3353 1340 3441 Intelligenda

300 3440 406 3524 autem
429 3456 562 3543 opificia.
607 3455 719 3520 Altero
743 3479 838 3521 versu
860 3451 979 3543 ἀνδρὸς
1000 3456 1141 3542 ineptum
1164 3479 1235 3522 esse
1258 3458 1340 3523 sidit

300 3560 495 3638 Brunckius‚
533 3558 589 3624 sed
623 3558 721 3624 nihilo
757 3558 869 3626 melius
905 3569 954 3625 est
988 3560 1073 3644 quod
1103 3560 1172 3647 ipse
1203 3562 1340 3626 coniecit

301 3657 430 3749 ἄνδρες,
454 3662 546 3747 quasi
568 3660 711 3747 opifices,
735 3671 923 3727 mercatores
941 3685 1005 3729 non
1024 3672 1129 3728 essent
1146 3664 1179 3728 in
1197 3664 1340 3729 virorum

300 3786 432 3829 numero
449 3763 596 3831 habendi.
640 3764 873 3850 Aristophanes
892 3765 1072 3851 scripserat:

278 3943 285 3962 x
345 3865 431 3951 πρός
448 3862 475 3932 τ’
492 3865 655 3953 ἐμπορίαν
672 3869 728 3933 καί
745 3864 831 3955 πρὸς
847 3868 963 3953 βιότου
982 3873 1107 3954 κτῆσιν,
1132 3870 1187 3935 καὶ
1205 3868 1295 3955 πρὸς

902 3971 1007 4057 γάμον
1026 3967 1135 4051 άλλος.

302 4070 394 4155 Quae
417 4070 500 4135 enim
522 4073 714 4157 praecedunt
732 4073 810 4138 nihil
827 4074 913 4139 aliud
931 4076 1108 4162 significant
1125 4096 1237 4159 quarn:
1256 4076 1340 4142 alius

301 4174 342 4240 ad
356 4172 490 4260 opificia,
510 4174 590 4238 alius
609 4176 651 4239 ad
669 4187 890 4257 mercaturam,
910 4177 1026 4263 quibus
1043 4178 1107 4243 iam
1124 4188 1210 4245 recte
1227 4180 1339 4245 infami

299 4276 391 4342 vides
410 4277 465 4341 καὶ
482 4272 567 4361 πρὸς
584 4276 689 4362 νόμον
708 4274 816 4357 άλλος.
