2859 4909
381 391 896 451 THESMOPHORIAZUSAE.
1101 381 1164 448 145

139 535 263 599 futurum
286 534 340 612 sit,
363 546 467 599 utrum
484 558 582 622 porro
605 538 691 599 οίαια
705 535 836 622 futurus
853 536 894 599 ait
910 535 1095 621 Ειιικμλδοε,
1118 559 1161 601 ou

139 641 169 703 δι
194 661 224 703 ιο
242 628 365 732 laetum
392 640 442 703 ait.
489 636 526 704 si
552 636 631 722 quid
656 638 690 702 in
716 635 942 723 Aristophanis
969 658 1066 703 versu
1093 660 1161 704 cor·

138 750 248 826 ruptum
266 751 329 819 est,
353 762 411 827 pro
430 739 494 821 ζῶν
512 740 692 826 scripserim
711 739 785 821 ζώς.
828 739 912 805 Nam
929 737 1008 805 illud
1026 738 1162 806 dubitari

138 867 191 909 non
210 852 327 930 potest,
351 844 429 929 quin
451 843 607 910 adiectivo
628 854 724 931 poeta
746 842 808 909 hoe
825 842 896 910 loeo
913 842 1026 910 melius
1045 865 1160 910 usurus

137 947 235 1012 fuisset
257 969 353 1031 quam
375 947 551 1034 participio.
598 944 673 1030 Qua
689 946 723 1011 in
740 969 775 1013 re
792 947 1041 1012 consentientem
1058 946 1162 1013 habeo

136 1050 172 1115 L.
188 1049 387 1116 Dindorfium
405 1050 446 1116 ad
464 1050 691 1138 Xenophontis
709 1048 845 1115 Memor.
866 1049 928 1129 111,
950 1049 1001 1115 12.

583 1203 633 1259 Vs.
651 1202 694 1256 80.

294 1306 370 1373 ἐπεὶ
387 1312 479 1394 τρίτη
495 1304 564 1376 ’στὶ
584 1314 822 1395 θεσμοφορίων
839 1302 858 1394 ἡ
877 1311 971 1394 μέση.

190 1427 293 1494 Acute
314 1427 479 1493 Nauekius
501 1428 643 1494 Bulletin
668 1428 708 1493 de
731 1427 854 1493 l’Aead.
879 1428 918 1492 de
944 1425 993 1493 St.
1014 1426 1160 1495 Petersb.

133 1531 187 1597 vol.
208 1530 267 1596 Vl.
290 1554 322 1616 p.
346 1530 400 1595 57.
423 1532 559 1597 correxit
582 1529 722 1618 ἐπείπερ
747 1527 830 1609 ἐστὶ,
858 1553 922 1616 quo
948 1530 1161 1610 difficultates,

133 1634 237 1717 quibus
255 1634 308 1699 hic
324 1634 415 1700 loeus
433 1635 599 1721 premitur,
619 1633 773 1699 tolluntur
790 1656 911 1699 omnes.

583 1786 633 1841 Vs.
652 1787 696 1840 96.

183 1892 237 1957 καὶ
255 1897 324 1957 ποῦ
338 1885 434 1973 ὀθ’,·
461 1886 548 1958 ὅπου
564 1888 650 1958 ’στίν
656 1920 667 1973 ,·
695 1879 794 1969 οὗτος
812 1886 1096 1977 οὑκκυκλούμενος.

186 2011 237 2077 Ita
264 2033 325 2100 ego
354 2010 522 2078 scribenda
548 2012 659 2078 censui
685 2010 827 2097 quaein
857 2009 946 2077 libris
972 2013 1018 2079 ita
1044 2015 1162 2101 scripta

131 2125 197 2180 sunt
212 2116 269 2181 καὶ
281 2113 384 2193 ποῖός
403 2112 490 2182 ἐστιν
509 2138 621 2197 οοτος;
640 2110 923 2197 οδκκυνλούμενος.
959 2113 1082 2182 Vitium
1099 2117 1162 2184 loci

127 2218 241 2342 primus
264 2218 344 2283 vidit
361 2217 532 2284 Dobraeus
545 2240 613 2338 'pro
634 2219 691 2284 καὶ
713 2230 814 2297 ποῖος
834 2216 997 2301 requirens
1020 2221 1161 2288 κολοιοῦ

127 2316 213 2389 ’.σοιν
243 2322 346 2389 Hoc
336 2322 434 2408 rgitur
449 2322 555 2407 recepi
573 2331 605 2386 et
622 2321 731 2387 addidi
748 2343 830 2407 quae
847 2320 996 2386 facillime
1015 2323 1160 2390 excidere

130 2434 267 2510 poterant
298 2419 385 2492 ὅπου
414 2419 510 2492 'osta
554 2424 743 2492 Dindorfius
773 2426 830 2490 καὶ
860 2428 929 2491 ποῦ
956 2419 1031 2492 ποτ’
1061 2422 1159 2505 ἐστίν,

15 2525 20 2558 ³
132 2527 265 2595 Cobetus
284 2538 391 2594 autem
408 2529 465 2593 καὶ
481 2552 549 2594 που
565 2523 652 2595 ’σειν
675 2525 766 2595 ἐτεόν
789 2528 1006 2607 coniecerunt3
1029 2551 1110 2614 quae
1133 2531 1161 2595 si

131 2632 195 2715 quis
210 2632 327 2699 uostris
346 2631 518 2717 praeferat,
536 2654 601 2697 non
617 2631 768 2717 impedio.

582 2783 632 2839 Vs.
651 2782 694 2838 99.

317 2893 408 2975 σίγα·
430 2888 591 2975 μελῳδεῖν
610 2884 650 2955 ἂν
668 2888 966 2974 παρασκευάζεται.

187 3010 225 3075 In
255 3009 318 3076 hoo
348 3031 443 3076 versu
474 3032 548 3074 cum
580 3004 620 3075 ἂν
646 3009 801 3095 particula
827 3032 956 3096 prorsus
982 3011 1161 3097 importune

132 3111 208 3178 illata
234 3114 289 3193 sit,
325 3110 470 3199 Scaliger
495 3134 553 3197 pro
581 3134 619 3177 ea
646 3101 689 3177 οὗ
716 3112 856 3200 scripsit,
892 3114 1074 3199 recepitque
1100 3115 1161 3180 hoc
1238 3165 1245 3176 ,

131 3225 245 3300 praeter
266 3216 347 3282 alios
369 3215 567 3281 Dindorfius.
612 3214 659 3280 At
681 3216 760 3280 nihil
783 3216 859 3281 dum
886 3215 1066 3282 modulatus
1094 3230 1161 3282 erat

133 3318 268 3406 Agatho,
304 3328 340 3384 ut
366 3317 472 3385 nullus
498 3318 551 3383 hic
577 3317 666 3383 locus
696 3320 736 3384 sit
762 3318 808 3383 illi
835 3317 975 3384 voculae.
1028 3319 1161 3386 Frustra

133 3422 218 3509 igitur
253 3422 410 3489 advocant
440 3444 482 3487 ex
510 3420 638 3487 Avibus
670 3422 745 3487 226.
778 3415 897 3507 οὕποψ
926 3420 1087 3508 μελῳδεῖν
1118 3412 1161 3489 αὖ

134 3524 422 3614 παρασκευάζεται,
459 3524 547 3610 quod
576 3525 752 3590 rectissime
783 3524 903 3590 dietum
935 3533 992 3590 est.
1046 3525 1160 3610 ltaque

134 3629 221 3696 multo
234 3628 351 3696 rectius
367 3629 435 3694 sine
448 3626 545 3693 dubio
559 3628 720 3714 Bergkius
734 3625 796 3715 γὰρ
810 3628 974 3714 proposuit
979 3653 989 3707 ;
1007 3649 1109 3714 neque
1127 3629 1160 3694 id

135 3733 212 3817 sequi
229 3732 437 3811 dubitassem,
456 3730 518 3796 nisi
536 3730 677 3796 faciliore
696 3732 915 3798 emendatione
930 3730 1024 3799 scribi
1037 3743 1160 3820 posset:

338 3839 432 3921 σίγα·
449 3833 616 3920 μελῳδίαν
633 3834 930 3921 παρασκευάζεται.

134 3935 232 4025 Neque
250 3947 437 4024 sequentem
453 3942 582 4003 versum
599 3938 632 4001 in
650 3936 739 4003 libris
758 3938 803 4003 ita
821 3939 988 4025 scriptum:
1053 3961 1059 3969 ’

250 4040 420 4128 μύρμηκος
438 4035 621 4128 ἀτραπούς,
641 4035 662 4128 ἢ
680 4046 715 4106 τί
733 4041 1009 4128 διαμινορίζεταις

135 4150 207 4206 recte
232 4144 435 4209 emendatum
456 4154 544 4231 puto.
588 4142 774 4225 Daumius,
802 4166 897 4229 quem
925 4169 1034 4212 omnes
1062 4148 1161 4212 secuti

137 4255 211 4323 sunt,
234 4246 462 4334 διαμινύρεται
481 4247 577 4314 scribi
595 4247 708 4327 voluit,
732 4270 783 4314 me
801 4249 929 4332 quidem
949 4271 1030 4333 quae
1047 4249 1082 4313 in
1098 4249 1161 4316 hoo

180 4361 527 4420 κιιιιιι,ιἰιοῑιιιιιιαιιρι.
903 4353 944 4416 10
