2859 4909
491 333 646 393 NUBES.

508 473 557 530 Vs,
576 473 638 528 868.

570 576 730 666 νηπύτιος
746 578 809 669 γάρ
828 576 892 646 ἐστ’
910 580 967 662 ότι,

177 686 317 750 καὶτῶν
335 688 534 773 κρεμαθρῶν
553 677 590 748 αὖ
608 685 730 771 τρίβων
747 687 814 749 τῶν
832 680 961 751 ένθαόί.

123 806 209 871 Male
231 804 396 871 Porsonus
414 802 509 868 Misc.
527 826 559 889 p.
578 803 631 868 28.
655 809 867 892 κρεμαστρῶν
890 803 1091 880 scribendum

73 910 204 987 coniecit,
230 930 333 992 neque
354 906 469 972 melius
491 905 654 993 Reisigius
677 905 770 972 Coni.
792 929 824 993 p.
845 907 918 973 102.
937 908 1090 994 probante

73 1013 243 1078 Hermanno
255 1009 460 1097 producenda
473 1009 513 1074 od
531 1009 685 1074 sermonis
703 1010 815 1097 tragici
832 1011 1011 1098 exemplum
1030 1014 1097 1101 syl·

74 1116 134 1182 laba
149 1115 254 1181 m'edia
270 1115 303 1179 in
321 1118 518 1199 κρεμαθρῶν
535 1112 724 1199 gravitatem
741 1115 866 1179 ostendi
883 1116 1005 1193 statuit,
1029 1138 1093 1201 qno

77 1219 208 1285 Socrates
227 1219 267 1283 de
285 1215 467 1283 huiusmodi
483 1215 578 1281 rebus
595 1216 751 1299 loquatur.
790 1216 881 1282 Ferri
897 1218 958 1284 boc
974 1230 1095 1305 posset,

77 1324 97 1388 si
111 1322 276 1409 Euripides
298 1320 420 1386 aliusve
444 1320 581 1407 tragicus
603 1341 682 1385 voce
704 1319 878 1409 κρεμᾶθρό
902 1344 979 1387 usus
998 1332 1091 1388 esset.

77 1425 154 1490 Nunc
170 1423 308 1491 dubitari
324 1446 389 1489 non
407 1433 521 1509 potest,
539 1422 626 1507 quod
643 1422 738 1488 etiam
756 1422 869 1489 vocula
883 1421 931 1491 ἔτι
945 1425 1096 1504 ostendit,

79 1529 227 1615 scripsisse
245 1535 388 1614 poetam:

103 1631 107 1635 ‘
147 1633 199 1697 καὶ
218 1636 286 1697 τῶν
303 1633 501 1718 κρεμαθρῶν
520 1622 614 1695 ottae
632 1632 755 1718 τρίβων
771 1634 837 1695 τῶν
856 1626 984 1698 ένθαόί.

81 1733 214 1819 Sequitur
231 1734 338 1800 statim
356 1732 568 1819 Phidippidae
584 1754 711 1797 versus:

234 1833 335 1915 αὐτὸς
352 1840 475 1923 τρίβων
493 1836 563 1923 ε’ίης
582 1831 638 1915 dv,
659 1834 689 1902 εἰ
706 1835 844 1922 κρέμαιό
863 1860 908 1923 με,

82 1943 204 2028 adquae
224 1939 388 2007 Socrates:
880 1941 884 1949 '

239 2043 328 2121 ίόοό,
346 2036 483 2131 κρέμαι’,
504 2037 550 2120 ῶς
567 2036 702 2128 ἠλίθιον
720 2039 917 2130 ἐφθέγξατο.

81 2148 158 2214 Haec
185 2147 340 2214 Brunckii
371 2146 550 2212 coniectura
580 2155 629 2210 est
660 2145 701 2211 ab
738 2146 885 2213 omnibus
922 2147 1097 2214 editoribus

84 2262 201 2330 servata,
235 2251 323 2318 libris
353 2249 495 2316 unanimi
526 2271 684 2315 consensu
716 2246 789 2316 ἰόοὺ
821 2248 957 2336 κρέμαιό
988 2247 1017 2336 y'
1042 2273 1099 2316 ex·

83 2353 256 2421 bibentibus.
301 2353 389 2419 Male
406 2353 452 2418 illi
469 2353 613 2437 quidem3
634 2375 732 2437 quum
756 2354 839 2419 enim
861 2353 922 2419 hoc
943 2363 1018 2441 agot
1037 2352 1100 2420 So·

85 2470 168 2525 crates
186 2470 223 2524 ut
244 2458 396 2523 rusticam
418 2456 586 2522 verborum
604 2455 741 2543 κρέμαιό
759 2481 796 2543 γε
813 2455 1098 2543 pronuntiationem

86 2561 180 2641 rideat,
196 2586 262 2628 non
279 2561 382 2648 potuit
397 2560 540 2646 profecto
557 2560 618 2625 boc
636 2560 755 2647 ipsum,
778 2560 812 2625 in
829 2583 893 2645 quo
911 2584 1035 2626 summa
1052 2562 1098 2627 rei

87 2661 219 2745 remotim,
238 2664 410 2742 obscurari,
429 2686 525 2748 quam
539 2663 580 2729 ob
594 2686 724 2729 causam
737 2664 831 2730 etiam
845 2664 979 2752 Reisigii
993 2687 1101 2730 emen-

88 2767 156 2837 datio
173 2768 367 2857 repudianda
389 2778 450 2846 est,
479 2765 551 2832 ίόοό
574 2790 610 2852 με
633 2763 769 2855 κρέμαι’,
794 2763 839 2847 ῶς
860 2764 891 2855 ἠ.
916 2765 941 2834 t.
986 2768 1098 2853 Itaque

88 2872 240 2939 rectissime
266 2872 383 2959 legitur
404 2866 476 2937 ἷόαὺ
499 2874 646 2957 κρέμαιό.
690 2871 811 2936 Mirum
840 2894 913 2937 vero
939 2880 988 2939 est
1014 2873 1099 2939 viros

90 2973 178 3041 doctos
190 3000 253 3042 non
267 2975 386 3041 vidisse
399 2975 511 3039 vitium
523 2973 620 3039 latere
634 2975 739 3060 potius
752 2974 785 3039 in
799 2971 941 3066 ἠλίθιον,
961 2975 1047 3059 quod
1060 2976 1100 3041 de

24 3151 25 3160 ρ
91 3093 198 3145 vastaet
206 3079 325 3145 inculta
333 3078 502 3154 verborum
516 3077 768 3164 pronuntiatione
777 3077 972 3165 ineptissime
982 3080 1101 3144 dictum

25 3185 26 3190 ’
93 3202 148 3247 esse
161 3207 249 3250 nemo
266 3182 405 3247 monitus
424 3181 562 3269 negabit.
602 3180 740 3247 Proinde
759 3182 959 3249 scribendum
977 3184 1101 3270 putavi:

233 3285 320 3368 ἶόαό,
340 3284 476 3373 κρέμαιό
494 3279 540 3370 y'·
558 3280 604 3364 ῶς
621 3283 708 3350 ’ίόιον
727 3282 925 3373 ἐφθέγξατο,

25 3399 26 3450 3
94 3409 166 3472 quom
187 3392 337 3478 stupratori
357 3392 458 3454 modo.
503 3387 555 3453 Ac
576 3388 684 3454 nescio
702 3413 743 3453 an
760 3389 896 3476 vestigia
912 3388 1006 3453 huius
1025 3388 1103 3453 scri·

26 3557 27 3564 ,
94 3501 184 3573 pturae
200 3492 343 3559 ostendat
361 3515 442 3557 unus
461 3492 530 3557 cod.
550 3491 636 3577 apud
652 3492 847 3571 Dobraeum,
866 3492 975 3576 inquo
989 3485 1104 3559 λίθων

26 3597 27 3606 ’
96 3595 300 3680 scriptumest.

520 3765 570 3822 Vs.
589 3766 649 3821 886.

186 3867 243 3956 έγῶ
261 3867 291 3938 d'
309 3866 496 3955 όιτέσομαι·
514 3869 612 3936 τοῦτό
632 3896 687 3938 νυν
704 3865 840 3958 μέμνησ)
855 3866 950 3951 όντως

187 3971 265 4059 πρὸς
281 3975 392 4042 πάντα
410 3970 451 4040 τὰ
470 3968 570 4040 δίκαι’
587 3968 764 4060 ἀντιλέγειν
783 3974 966 4061 δυνήσεται.

27 4165 28 4168 ,
154 4090 196 4157 Ita
212 4094 287 4161 haee
310 4096 408 4161 edidit
429 4093 648 4172 Hermaunus‚
672 4095 754 4160 Rav.
771 4095 888 4181 aliique
910 4096 981 4162 libri
1001 4091 1109 4162 ἀντέσ-

27 4201 29 4282 [
98 4213 187 4275 σομαι
200 4196 323 4280 habent,
346 4199 433 4284 quod
455 4196 598 4263 dubitare
616 4198 679 4265 noli
698 4198 774 4284 quin
792 4208 875 4266 reete
894 4200 1109 4266 emendaverit
