2859 4909
315 365 360 432 42
785 379 885 435 PAX.

316 518 504 587 vorandum.
542 519 594 586 Cf.
604 518 731 587 Eeeles.
741 520 815 585 221.
829 518 1016 608 καθήμεναι
1031 518 1223 610 φρύγουσιν.
1260 521 1371 589 Talia

317 624 447 712 negotiu
462 648 483 690 n
501 622 684 690 sedentibus
702 622 945 711 peragebantur.

769 809 820 866 Vs.
837 810 898 866 283.

660 913 694 996 ἐς
709 911 796 984 τάπὶ
815 915 942 1004 Θρᾴκης
957 920 1063 1005 χωρία

468 1017 646 1107 χρήσαντες
664 1017 789 1108 ἑτέροις
807 1016 907 1088 αὐτὸν
926 1015 982 1087 εἶτ’
998 1016 1186 1088 ἀπώλεσαν.

383 1138 550 1206 Constanti
572 1162 634 1206 usu
656 1151 780 1207 veteres
798 1139 899 1207 Attici
921 1139 1031 1207 dicunt
1053 1138 1087 1219 ἐς
1108 1137 1195 1209 τάπὶ
1214 1141 1362 1232 θρᾴκης,

316 1265 412 1329 quare
429 1243 490 1308 fuit
507 1264 606 1328 quum
623 1242 735 1310 vitium
752 1242 822 1311 loeo
839 1242 1001 1310 inhaerere
1020 1244 1209 1331 suspicarer3
1228 1246 1368 1312 ridetur

317 1358 423 1413 tamen
440 1345 525 1413 idem
546 1345 577 1412 b.
596 1344 617 1411 l.
635 1345 752 1434 legisse
770 1345 1084 1434 Pseudo-Euripides
1102 1347 1206 1436 Epist.
1227 1349 1282 1415 61.
1308 1348 1365 1429 εἷς

316 1445 401 1518 τάπὶ
422 1449 549 1539 θράιης
563 1454 670 1535 χωρία
689 1451 848 1518 στέλλετε.

770 1636 819 1693 Vs.
837 1636 897 1692 299.

360 1736 406 1820 ῶς
422 1736 548 1824 τάχιστ’
565 1738 653 1826 ἀμας
671 1742 827 1827 λαβόντες
844 1744 900 1809 καὶ
916 1739 1060 1828 μοχλοὺς
1076 1744 1132 1809 καὶ
1149 1747 1295 1826 σχοινία·

358 1849 413 1911 νῦν
430 1841 493 1932 γὰρ
510 1840 588 1933 ἡμῖν
606 1840 761 1933 ἁρπάσαι
778 1843 939 1934 πάρεστιν
958 1841 1090 1933 ἀγαθοῦ
1110 1845 1277 1931 δαίμονος.

380 1965 472 2031 Bono
493 1966 602 2054 genio,
630 1966 682 2032 eui
703 1974 832 2054 peraeta
854 1988 951 2032 coena
973 1965 1143 2046 libabatur,
1170 1989 1235 2032 non
1256 1966 1363 2034 video

317 2091 381 2155 quo
402 2079 495 2157 paeto
518 2068 570 2135 hie
591 2070 681 2137 loeus
699 2091 771 2135 esse
788 2070 903 2156 possit,
926 2069 981 2135 ubi
1004 2069 1108 2157 agitur
1125 2069 1165 2135 de
1181 2069 1269 2136 Psee
1291 2070 1364 2139 dea

315 2172 450 2239 vinculis
481 2183 513 2239 et
544 2194 668 2240 carcere
698 2171 871 2239 liberanda.
916 2171 1024 2257 Quare
1051 2171 1253 2258 scribendum
1280 2196 1362 2240 esse

317 2275 460 2364 suspicor
486 2271 617 2364 ἀγαθήν
645 2275 800 2359 δαίμονα,
837 2275 1010 2341 mutatione
1042 2275 1170 2341 minime
1197 2275 1360 2356 violente3

217 2415 219 2430 ·
316 2402 390 2445 nem
407 2402 505 2466 quum
524 2379 665 2465 δαίμονα
683 2401 787 2445 errore
805 2401 869 2444 uno
887 2378 1027 2445 omnium
1045 2377 1303 2465 frequentissimo
1322 2381 1360 2445 in

316 2481 473 2568 δαίμονος
495 2492 677 2571 corruptum
699 2491 798 2561 esset,
827 2483 1008 2569 supervenit
1029 2482 1110 2548 nlius
1136 2482 1192 2567 qui
1218 2476 1360 2570 ἀγαθὴν

315 2586 348 2651 in
371 2581 504 2672 ἀγαθοῦ
527 2597 750 2672 corrumperet.
796 2584 884 2670 Quid
906 2585 968 2651 diei
985 2585 1099 2651 debeat
1115 2592 1239 2671 praeter
1257 2585 1361 2652 seho-

315 2687 440 2754 lisstsm
456 2688 609 2755 intellexit
626 2690 721 2755 etism
740 2687 899 2756 Velsenns
916 2688 950 2753 in
966 2687 1084 2755 Museo
1097 2687 1199 2754 Rhen.
1213 2687 1358 2757 XVIII.

314 2811 347 2876 p.
372 2790 445 2856 131.
472 2791 555 2857 iusto
577 2792 630 2857 ille
652 2802 759 2857 tamen
780 2792 923 2857 licentius
946 2793 1106 2879 corrigens
1128 2795 1182 2858 νῦν
1203 2787 1267 2880 γὰρ
1291 2787 1361 2879 ἀρ-

316 2891 426 2960 πάσαι
444 2891 588 2981 πάρεστι
605 2890 715 2983 μητέρ’
733 2890 864 2981 ἀγαθοῦ
885 2896 1051 2980 δαίμονος.

768 3082 818 3138 Vs.
837 3082 897 3137 303.

431 3186 555 3268 τάξεων
574 3182 816 3274 ἀπαλλαγέντες
833 3189 889 3254 καὶ
905 3194 1011 3254 κακῶν
1030 3193 1232 3276 φοινικικῶν.

379 3307 583 3374 Adiectivum
606 3307 790 3397 φοινικικός
812 3307 852 3373 ad
875 3313 1019 3397 φοινικὶς
1040 3309 1181 3375 revocari
1197 3331 1263 3374 non
1280 3319 1359 3395 pot-

315 3421 378 3492 est3
396 3434 493 3498 quare
510 3422 637 3500 poetam
655 3411 821 3498 scripsisse
840 3412 1017 3499 suspicatus
1036 3434 1107 3477 sum
1120 3416 1226 3478 κακῶν
1240 3436 1358 3499 φοινι·

314 3515 428 3595 struo,
465 3524 500 3581 ut
531 3515 645 3582 ehorus
673 3509 819 3582 militaria
846 3539 923 3603 sago
955 3516 1111 3582 exsecrari
1141 3516 1354 3583 existimetur.

319 3616 371 3683 Of.
392 3618 476 3684 1173
497 3640 566 3704 sqq.

767 3804 816 3861 Vs.
835 3805 895 3860 316.

432 3906 505 3977 οάτι
521 3915 645 3998 χαίρων
658 3909 752 3992 Ιἔστιν
771 3905 872 3998 αάτήν
891 3903 984 3989 ὅστις
1002 3908 1220 3998 ἐξαιρήσεται.

378 4029 430 4097 Ita
448 4029 647 4096 scribendum
665 4032 775 4119 putavi
793 4053 851 4118 pro
869 4053 906 4097 eo
924 4031 1009 4117 quod
1025 4031 1123 4118 vulgo
1140 4029 1256 4118 legitur
1274 4026 1353 4099 οάτι

313 4134 369 4199 καὶ
385 4139 440 4201 νῦν
458 4132 555 4214 ἔστιν,
576 4136 662 4220 quod
679 4134 820 4201 noudum
838 4133 940 4200 extitit
957 4134 1012 4219 qui
1029 4133 1231 4220 probabiliter
1249 4135 1354 4220 expli·

313 4247 408 4305 earet.
453 4238 565 4305 Fidem
589 4240 785 4305 coniecturae
808 4238 904 4304 faciet
924 4237 1013 4305 loeus
1031 4236 1198 4323 Eupolidis
1217 4237 1350 4326 Fragm.
