2859 4909
685 348 982 406 LYSISTBATA.

772 486 822 544 Vs.
841 488 900 543 723.

703 589 761 680 τὴν
780 588 811 659 δ’
827 590 885 660 ἐπὶ
902 592 1071 680 στρούθου
1089 598 1170 679 μέαν

449 689 510 784 ἤδη
529 699 697 763 πέτεσθαι
715 685 948 783 διανοουμένην
965 695 1054 763 κάτω

449 796 483 879 ές
497 794 680 888 Ὀρσιλόχου
698 798 781 881 χθές
798 805 865 866 τῶν
881 804 1001 887 τριχῶν
1018 804 1229 868 κατέσπασα.

385 920 425 986 In
446 918 496 986 hio
522 919 605 1002 χθές
632 919 660 986 si
686 942 800 987 sanum
827 928 876 986 est
897 914 992 1002 ’χθές
1020 920 1227 987 scribendum
1254 921 1354 989 fuerit.

321 1024 365 1090 At
387 1022 465 1110 quid
486 1032 535 1089 eat
555 1021 644 1108 quod
664 1022 789 1088 heri-oa
814 1021 908 1088 iotam
935 1022 1100 1089 mulierem
1126 1047 1146 1090 a
1174 1024 1286 1090 volatu
1310 1048 1355 1091 re·

320 1127 452 1194 tinuisse
474 1125 571 1193 dicit?
612 1147 694 1212 quae
716 1124 848 1192 mirifica
873 1135 922 1191 est
947 1135 1124 1213 temporum
1150 1127 1352 1214 perturbatio.

321 1228 532 1298 scribendum
567 1227 692 1295 videtur
725 1232 806 1315 τρίς.
859 1229 898 1294 Ια
927 1233 1007 1313 μίαν
1037 1252 1095 1317 per
1125 1252 1161 1297 se
1194 1231 1283 1297 nulla
1310 1241 1353 1297 eat

320 1332 505 1400 offensionis
522 1354 633 1412 causa3
655 1331 791 1399 fortasse
812 1341 919 1398 tamen
936 1336 1043 1399 Μέκαν
1065 1332 1286 1413 scribendum,
1307 1334 1353 1399 oui

321 1436 518 1503 coniecturae
544 1457 649 1502 exeo
676 1434 794 1520 aliquid
824 1434 945 1501 roboria
976 1435 1110 1515 accedit,
1149 1437 1352 1523 quodetiam

320 1539 471 1606 moechus
493 1537 660 1625 prurientia
683 1537 823 1604 mulieris
850 1537 976 1604 nomine
1001 1539 1190 1626 appellatur.
1236 1539 1352 1606 Nomen

319 1647 423 1722 Μέκα,
446 1662 520 1708 cum
540 1644 666 1721 Μίκων,
694 1641 782 1725 quod
803 1641 905 1728 prima
922 1652 1066 1729 correpta
1083 1643 1202 1710 dicitur
1219 1644 1349 1733 Lysistr.

320 1745 395 1812 679.
417 1756 449 1811 et
467 1742 601 1809 Theoor.
620 1739 662 1822 V,
683 1744 756 1809 112.
779 1754 949 1833 cognatum
970 1755 1034 1824 est,
1060 1744 1242 1834 legiturque
1265 1747 1351 1813 etiam

320 1848 451 1914 Theam.
475 1845 549 1913 760.
572 1844 627 1912 ubi
649 1846 728 1913 citra
749 1847 969 1915 necessitatem
996 1858 1168 1935 praeeunte
1191 1848 1349 1917 Lobeokio

320 1974 394 2017 oum
424 1949 493 2016 aliis
519 1953 628 2015 Μίκκα
658 1948 757 2029 edidi3
792 1950 939 2035 idemque
968 1952 1204 2018 restituendum
1234 1952 1349 2018 videtur

320 2054 447 2121 Eccles.
476 2052 549 2119 153.
593 2051 769 2140 Hyperidis
797 2053 896 2120 oratio
923 2048 1007 2141 ὑπέρ
1033 2058 1140 2134 Μέκας
1169 2054 1349 2123 laudatura

321 2157 453 2225 Polluce
479 2155 561 2234 VII,
589 2155 663 2221 191.
690 2164 723 2221 ot
749 2154 801 2235 X,
828 2155 881 2222 39.
907 2156 994 2241 quod
1021 2160 1147 2238 Μέκκας
1182 2158 1243 2225 viri
1272 2157 1349 2223 docti

323 2262 529 2349 scripserunt,
556 2259 664 2325 nescio
686 2281 729 2324 an
747 2259 814 2325 sine
838 2282 944 2326 eausa.
990 2257 1118 2329 Certiae
1146 2261 1273 2327 videtur
1296 2282 1347 2347 pro

271 2391 276 2397 ·
321 2369 531 2441 κατέσπασα,
567 2361 653 2447 quod
687 2383 760 2427 oum
794 2360 883 2429 κάτω
918 2365 1086 2430 πέτεσθαι
1122 2362 1348 2449 διανοουμένην

322 2490 417 2557 aegre
435 2467 507 2545 ooit,
525 2463 745 2553 refingendum
763 2487 834 2531 esse
852 2459 1035 2546 ἀνέσπασα,
1055 2489 1070 2531 e
1080 2466 1167 2555 faya
1185 2468 1305 2534 νεινοαί.

777 2650 826 2706 Va.
845 2652 913 2706 796.

447 2756 561 2834 πάσας
577 2780 614 2822 τε
631 2754 821 2845 προφάσεις
840 2751 916 2824 ὥστ’
933 2752 1096 2825 ἀπελθεῖν
1114 2758 1230 2827 σ’ίκαάε

443 2858 600 2926 ἕλκουσιν.

386 2980 451 3047 Pro
470 2977 600 3046 ἕλκουσι
616 2978 838 3045 Wakefieldus
855 2979 1031 3047 πλέκουσιν
1048 2980 1191 3048 tentabat
1196 3008 1206 3062 3
1224 2991 1276 3048 aut
1292 2980 1346 3045 hoo

324 3107 434 3152 verum
452 3082 585 3161 videtur,
604 3092 658 3148 aut
675 3083 762 3167 quod
779 3105 840 3170 ego
858 3082 979 3150 conieci
997 3084 1159 3170 λέγουσιν.

773 3268 824 3326 Va.
843 3269 902 3325 740.

473 3369 563 3464 ἔγωγ’
580 3368 774 3462 ἀποδείραά
790 3370 907 3442 αὐτίκα
923 3370 998 3459 μάλ’
1015 3370 1204 3463 ἀνέρχομαι.

385 3496 578 3566 Revooanda
617 3505 683 3573 est,
724 3516 820 3579 quam
859 3494 938 3561 alios
978 3506 1131 3580 sequutus
1166 3494 1342 3584 improbavi,

320 3604 402 3671 Rav.
420 3601 616 3684 aliorumque
639 3596 732 3664 codd.
751 3597 904 3684 scriptura
926 3598 1124 3685 ἀπέρχομαι.
1167 3597 1342 3665 Dindorfiuo

322 3703 554 3774 commendavit
583 3700 717 3768 Kusteri
748 3700 959 3767 coniecturam
990 3698 1211 3791 ἐπανέρχομαι
1245 3697 1344 3768 sensui

321 3817 442 3896 aptam,
478 3806 537 3874 aad
562 3813 663 3871 metro
688 3802 860 3869 inimicam.
906 3803 1007 3871 Recte
1031 3804 1128 3873 habet
1154 3801 1341 3892 ἀπέρχομαι,

322 3933 366 3977 oo.
385 3931 404 3975 a
425 3908 520 3974 domo
542 3930 624 3974 moa.
668 3905 758 3973 Male
773 3906 956 3974 Brunokiua
977 3931 1025 3987 ma
1047 3921 1181 3975 αυέιιένυι
1201 3910 1272 3973 iada
1291 3904 1342 3968 λιιι

321 4015 489 4080 redituram
514 4033 585 4076 ιιιι.
630 4010 669 4076 Id
695 4031 799 4095 nequa
826 4004 1026 4098 ἀπέρχομαι,
1058 4011 1146 4095 quod
1170 4006 1340 4076 numerius

195 4182 198 4196 ,
315 4113 453 4203 ¹recepit,
488 4111 645 4201 significat
674 4134 778 4198 neque
809 4108 1001 4197 ἀνέρχομαι,
1036 4114 1122 4198 quod
1157 4135 1220 4180 non
1254 4107 1340 4176 habet

319 4217 472 4287 redeundi
488 4225 687 4302 potestatem.
