2859 4909
286 380 350 448 170
722 391 881 449 RANAE.

287 534 365 602 siliis
396 532 463 601 suis
489 542 653 619 promptos
674 532 807 597 reddere
828 529 970 610 volebat,
997 532 1207 598 meoiudicio
1233 530 1336 616 μάλα

285 636 392 726 potius
414 634 466 702 rel
487 634 575 702 πάνυ
598 656 694 720 quarn
715 633 801 718 μόνα
818 633 923 700 dicere
941 633 1087 701 debebat
1130 640 1168 701 In
1187 658 1336 720 sequan-
1428 675 1429 692 2

287 739 372 805 tibus
406 737 552 805 revocavi
588 737 670 804 Rau.
702 737 890 823 scripturam
926 736 1152 822 αἰτουμένους,
1188 751 1334 825 τομαῖον,

288 842 374 929 quod
396 863 469 907 cum
490 836 577 924 ὑμᾶς
600 840 866 927 coniungentium.
912 838 979 907 Sed
996 840 1222 929 προσήκουσιν
1239 845 1336 928 μένει

288 967 353 1012 non
370 954 437 1014 erat
454 965 511 1011 cur
529 943 739 1011 sollicitarem.

738 1112 789 1170 Vs.
808 1112 868 1168 720.

332 1232 452 1304 ταύτὸν
470 1234 504 1314 ἔς
520 1259 556 1302 τε
573 1240 639 1301 τῶν
656 1236 803 1301 πολιτῶν
820 1231 899 1315 τοὺς
915 1233 1035 1313 καλούς
1051 1259 1086 1301 τε
1104 1230 1278 1322 κάγαθοὺς

334 1337 367 1419 ἔς
384 1362 421 1406 τε
438 1332 594 1426 τάρχαῖον
611 1336 759 1420 νόμισμα
776 1339 831 1404 καὶ
848 1335 887 1404 τὸ
905 1334 1017 1404 καινὸν
1032 1343 1177 1424 χρυσίον.

355 1476 447 1543 Haec
469 1497 571 1560 neque
592 1497 650 1562 per
672 1496 706 1539 se
730 1484 875 1540 constant
896 1496 998 1559 neque
1021 1496 1092 1539 cum
1120 1475 1335 1563 sequentibus

291 1579 450 1647 conciliari
475 1588 619 1665 possunt.
663 1575 801 1643 Prorsus
829 1576 913 1642 enim
939 1576 1112 1643 absurdum
1139 1587 1201 1656 est,
1239 1579 1334 1645 cives

291 1678 410 1760 καλοὺς
422 1676 593 1767 κάγαθοὺς
606 1681 781 1767 comparari
795 1702 868 1746 cum
883 1678 1043 1746 veteribus
1060 1680 1166 1745 numia
1184 1690 1216 1745 et
1232 1684 1333 1749 novis

290 1784 322 1849 h.
342 1805 369 1849 e.
390 1805 463 1848 cum
480 1782 572 1848 bonis
591 1794 623 1848 et
639 1783 743 1850 malis.
789 1781 874 1848 Cum
892 1782 1097 1868 sequentibus
1119 1792 1224 1848 autem
1248 1784 1335 1851 haec

290 1887 428 1975 pessime
453 1894 567 1951 coeunt
588 1885 675 1964 ideo,
702 1884 789 1971 quod
812 1885 917 1952 statim
939 1886 1043 1972 pergit
1066 1880 1225 1974 οὔτεγὰρ
1249 1887 1334 1954 τού-

290 2012 399 2058 τοισιν
417 1977 510 2055 οὖσιν
528 1985 566 2056 ci
585 1988 900 2076 κεκιβδηλευμένοις,
923 2010 1004 2073 quae
1022 1990 1229 2076 grammatica
1246 1991 1333 2056 ratio

271 2093 333 2174 ,ad
349 2089 388 2159 τὸ
407 2089 517 2160 καινὸν
532 2095 667 2180 χρυσίον
684 2093 872 2157 adulterinos
894 2114 1002 2156 aomos
1023 2092 1148 2172 referri,
1172 2094 1337 2160 sententia

292 2207 399 2263 autem
421 2195 462 2262 ad
483 2190 641 2281 τάρχαῖον
659 2193 806 2279 νόμισμα
822 2194 904 2260 trahi
921 2193 1070 2282 postulat.
1114 2194 1214 2261 Plane
1230 2196 1337 2284 igitur

293 2299 448 2366 assentior
464 2298 649 2365 Hamakero
671 2297 769 2363 verba
790 2298 846 2364 καὶ
867 2292 906 2363 τὸ
924 2293 1034 2364 καινὸν
1056 2303 1189 2386 χρυσίον
1208 2299 1249 2365 ab
1270 2301 1335 2365 im·
1428 2321 1429 2324 ’

292 2403 394 2489 perito
414 2402 541 2469 librario
568 2400 756 2487 interpolata
782 2423 853 2467 esse
881 2401 1039 2468 statuenti.
1084 2400 1334 2491 Aristophanes,

293 2516 328 2571 ut
345 2505 492 2592 equidem
510 2506 629 2592 opinor,
648 2502 727 2570 nihil
744 2503 831 2570 aliud
849 2502 985 2570 scribere
1002 2505 1105 2590 potuit
1123 2528 1233 2598 quam:

359 2623 392 2706 ’ές
408 2650 445 2693 τε
462 2622 618 2712 τάρχαῖον
635 2623 783 2709 νόμισμα
799 2624 856 2690 καὶ
872 2628 1048 2711 κρατίστου
1066 2624 1249 2710 κόμματος,

294 2745 361 2811 sive
392 2746 479 2830 quod
509 2746 621 2813 eodem
646 2744 729 2810 redit
758 2744 815 2810 καὶ
839 2745 948 2824 καλῶς
972 2748 1182 2829 κεκομμένον,
1217 2768 1334 2831 quem·

293 2846 465 2914 admodum
487 2871 535 2913 vs.
557 2847 629 2913 725.
652 2847 775 2913 nummi
796 2846 879 2913 mule
901 2847 1011 2913 excusi
1028 2848 1175 2914 dicuntur
1189 2853 1276 2931 χθές
1294 2874 1333 2916 τε

294 2951 351 3016 καὶ
366 2949 483 3040 πρῴην
500 2955 643 3018 κοπέντα
665 2955 712 3037 τῷ
730 2954 874 3037 κακίστῳ
892 2949 1047 3035 κόμματι.
1090 2951 1163 3018 Non
1184 2951 1333 3018 dubitavi

294 3054 377 3119 hanc
394 3054 644 3120 emendationem
662 3053 695 3117 in
713 3053 856 3118 ordinem
873 3054 1026 3140 recipere,
1045 3076 1085 3120 ne
1101 3054 1335 3141 relinqueretur

294 3169 408 3247 poetae
426 3158 511 3243 quod
529 3167 614 3223 certo
633 3179 697 3222 non
716 3155 843 3242 scripsit
860 3177 962 3240 neque
981 3155 1117 3223 scribere
1134 3159 1245 3244 potuit.

359 3278 451 3344 Haec
477 3288 550 3344 ante
576 3276 635 3344 hos
663 3285 810 3360 quattuor
834 3297 935 3341 annos
963 3277 1088 3363 scripsi;
1115 3300 1200 3343 nunc
1226 3290 1333 3345 motas

295 3382 496 3449 difficultates
531 3380 652 3446 minore
690 3379 819 3466 negotio
858 3380 1006 3467 componi
1044 3402 1138 3467 posse
1176 3381 1332 3469 intelligo.

298 3482 510 3552 Scribendum
527 3485 625 3550 enim:

330 3599 451 3672 ταύτὸν
470 3603 503 3684 ἔς
519 3630 556 3672 τε
573 3608 639 3673 τῶν
656 3603 804 3669 πσλιτῶν
821 3598 900 3680 τοὺς
916 3601 1036 3681 κακούς
1052 3626 1088 3669 τε
1105 3599 1293 3689 κάγαθούς,

336 3705 369 3787 t'g
385 3732 422 3774 τε
439 3703 595 3796 τάρχαῖον
613 3704 761 3789 νόμισμα
777 3706 833 3770 καὶ
850 3700 889 3770 τὸ
907 3702 1018 3772 καινὸν
1033 3710 1178 3794 χρυσίον.
1266 3768 1268 3771 .

296 3827 348 3891 Ita
368 3827 483 3893 dicitur
504 3826 590 3914 quod
616 3825 679 3891 dici
704 3824 827 3902 debuit3
855 3825 957 3891 malos
983 3826 1069 3892 cives
1095 3826 1202 3905 novis,
1229 3826 1333 3893 bonos

297 3929 434 4013 antiquis
452 3929 590 3996 nummis
613 3939 784 4016 comparat.
829 3926 977 3993 Alterum
999 3929 1106 3994 autem
1127 3929 1218 4009 illud,
1244 3931 1332 4016 quod

297 4032 337 4098 de
359 4031 472 4100 verbis,
489 4026 563 4098 οὔτε
584 4027 646 4119 γὰρ
668 4030 835 4097 τούτοισιν
854 4019 931 4096 οὖσι
953 4030 1032 4110 dixi,
1055 4031 1099 4097 ita
1116 4031 1265 4099 facillime
1283 4057 1335 4099 re-

296 4135 417 4202 moveri
437 4145 554 4222 potest,
579 4136 607 4201 si
629 4133 792 4222 scripseris
815 4127 973 4220 οὔτεγὰρ
996 4132 1144 4200 τούτοισι
1166 4134 1332 4204 τοῖσινψοῦ

296 4263 364 4305 κεκι
388 4239 609 4326 δηλουμένοις,
632 4236 748 4323 quibus
766 4236 829 4302 iam
847 4237 889 4302 ad
910 4236 1062 4304 amussim
1084 4238 1275 4324 respondent
1298 4240 1333 4304 in
