2859 4909
301 372 365 439 144
558 381 1073 441 THESMOPHORIAZUSAE.

360 525 453 593 Haec
484 525 672 612 scripseram
698 547 796 609 quum
823 523 960 590 lacobus
987 523 1181 611 Bernaysius
1206 545 1260 589 me
1287 523 1338 590 in·

298 630 405 697 visens
423 628 506 696 hunc
527 650 651 694 mecum
673 626 925 695 emendationem
951 626 1196 694 communicaret
1222 624 1339 714 διττὴν

299 732 335 800 δὲ
349 730 470 819 χοάνην
487 720 558 798 ὦτα
575 729 819 819 διετετρήνατο,
844 752 926 817 quae
949 730 1113 819 ingeniosa
1133 739 1178 810 et,
1200 739 1236 795 ut
1256 729 1338 795 mihi

299 835 438 915 videtin,
456 857 533 902 vera
550 834 730 901 coniectura
748 844 806 902 est.

365 937 462 1023 Quod
484 936 526 1004 ad
548 931 723 1022 ἀντίμιμον
745 936 940 1024 adscriptum
962 947 1012 1005 est
1039 936 1196 1012 scholion,
1224 937 1338 1004 λείπει

301 1042 336 1109 δὲ
353 1039 392 1109 τὸ
410 1044 603 1131 περιφερές,
620 1040 655 1107 in
672 1062 710 1107 eo
727 1041 815 1127 λέγει
833 1039 1035 1107 scribendum
1052 1062 1111 1127 pro
1128 1040 1248 1108 λείπει.

759 1191 810 1249 Vs.
828 1191 871 1248 38.

987 1277 1151 1367 ἐξέρχεται
1269 1325 1272 1332 ,

424 1384 587 1473 θεράπων
604 1409 656 1465 τις
674 1378 775 1451 αὐτοῦ
792 1388 861 1471 πῦρ
879 1381 960 1467 λ’χων
976 1385 1033 1452 καί
1048 1389 1207 1475 μυρρίνας

427 1487 683 1578 προθυσόμενος
701 1485 787 1556 ἐὀικε
804 1491 863 1574 τῆς
879 1486 1059 1575 ποιήσεως.
1103 1499 1107 1505 “
1168 1493 1171 1498 ’

366 1607 439 1676 Non
460 1618 509 1675 est
530 1606 609 1674 haec
631 1630 748 1696 graeca
768 1606 882 1700 spatio,
905 1628 987 1694 qnae
1012 1603 1058 1687 τός
1080 1606 1166 1676 toas
1182 1609 1336 1696 postulat.

300 1711 412 1797 Neque
439 1709 566 1777 sustulit
596 1710 708 1777 vitium
734 1708 877 1777 Melerus
904 1733 1033 1777 versum
1064 1710 1161 1790 huno,
1192 1713 1220 1780 si
1252 1723 1337 1780 recte

301 1813 443 1892 memini,
484 1811 684 1880 Mnesilocho
719 1813 880 1893 tribuens3
921 1812 1008 1881 όοικε
1037 1836 1110 1881 cum
1140 1815 1336 1883 nominativo

300 1915 456 2004 participii
477 1916 635 1982 coniuncti
653 1916 753 1983 multa
771 1929 845 1984 sunt
860 1917 952 2005 'apud
968 1918 1158 1985 recentiores
1176 1921 1334 2008 exempla,

300 2019 432 2087 collecta
448 2042 597 2107 magnam
613 2031 773 2107 pentoma
793 2019 966 2089 Schaefero
983 2020 1025 2088 sd
1042 2022 1195 2109 Longum
1211 2045 1246 2110 p.
1261 2023 1337 2090 367.

300 2133 331 2190 et
353 2122 395 2190 ad
415 2121 610 2210 Dionysium
631 2122 747 2211 Comp.
766 2123 854 2193 verb.
876 2146 908 2212 p.
927 2124 1002 2218 212.
1045 2123 1099 2190 Ex
1119 2125 1260 2211 antiquis
1282 2127 1337 2212 qui

299 2227 344 2293 ita
360 2225 486 2294 locutus
504 2226 545 2293 sit
563 2249 661 2293 unum
678 2227 754 2293 novi
769 2226 968 2295 Heraclitum
985 2227 1071 2316 apud
1090 2226 1224 2296 Sextum
1237 2229 1335 2317 Emp.

300 2330 373 2396 adv.
387 2328 491 2396 Math.
505 2330 584 2398 VH.
600 2330 672 2397 132.
690 2334 867 2417 γινομένων
879 2328 942 2419 γὰρ
956 2327 1040 2398 κατὰ
1056 2328 1113 2398 τὸν
1131 2329 1227 2417 λόγον
1241 2333 1336 2400 τόνδε

301 2429 438 2522 ἄπειροι
464 2430 592 2501 ἐοίκασι
615 2431 819 2522 πειρώμενοι
841 2432 947 2502 ίπίων
969 2434 1026 2501 καί
1047 2432 1149 2522 ἔργων
1174 2435 1336 2504 τοιούτων

302 2532 421 2604 ὁκοίων
435 2534 498 2622 ἐγὼ
513 2536 697 2624 όιηγεῦμαι,
715 2536 814 2604 sedis
829 2559 955 2623 quoque
969 2541 1189 2625 πειρωμένοις
1199 2539 1335 2626 scripsit.

302 2638 398 2707 Certe
425 2639 510 2725 apud
531 2639 658 2706 Atticos
679 2638 802 2706 nullum
828 2651 949 2707 certum
975 2639 1070 2708 huius
1092 2643 1335 2709 constructionis

301 2741 480 2829 exemplum
506 2741 668 2828 reperitur.
715 2742 768 2809 cf.
794 2742 936 2822 Cobetus
958 2743 1030 2809 NL.
1052 2765 1085 2830 p.
1104 2743 1178 2811 341.
1222 2745 1335 2831 Itaque

300 2842 527 2931 Aristophanis
538 2864 666 2909 versum
680 2856 863 2933 corruptum
878 2849 949 2914 esse
963 2846 1056 2913 credo
1071 2846 1335 2934 scribendumque

303 2969 427 3013 ornor:

323 2970 344 3034 p
469 3031 725 3120 προθυσόμενος
743 3029 839 3117 οίμαί
854 3058 891 3121 γε
908 3040 966 3122 τῆς
984 3034 1162 3124 ποιήσεως.

300 3137 370 3205 Nisi
387 3137 468 3204 forte
486 3136 577 3202 malis
596 3141 842 3224 προθυσομένῳ
863 3134 894 3203 ‹l'
911 3136 997 3206 i'otaa
1015 3142 1073 3227 τῆς
1090 3138 1272 3227 ποιήσεως.

761 3289 811 3345 Vs.
832 3289 873 3344 77.

446 3390 502 3463 εἴτ’
520 3390 583 3462 ἔστ’
600 3392 649 3463 ότι
668 3394 730 3476 ζῶν
748 3390 805 3460 εἴτ’
824 3389 970 3461 ἀπόλωλ’
985 3391 1182 3483 Εὐριπίδης.

362 3516 547 3584 Hamakero
578 3510 635 3582 εἴτ’
665 3510 753 3582 ἐστίν
785 3512 835 3581 ότι
867 3520 935 3593 σῶς
967 3515 1169 3583 scribendum
1199 3516 1334 3595 videtur,

298 3622 389 3690 cuius
407 3618 589 3687 mutationis
607 3618 828 3686 necessitatem
845 3640 910 3684 non
926 3618 1093 3705 perspicio.
1134 3618 1233 3704 Quod
1251 3621 1335 3689 enim

298 3725 382 3791 infra
399 3723 461 3790 821
481 3744 550 3807 sqq.
575 3726 641 3789 σῶν
665 3716 749 3787 εἶναι
767 3732 799 3787 et
816 3716 1027 3789 ἀπολωλέναι
1044 3720 1106 3790 sibi
1122 3737 1332 3810 opponuntur,

297 3827 473 3893 rectissime
499 3847 576 3891 sans
602 3825 721 3891 lactum
749 3834 811 3903 est,
837 3824 1007 3911 inepteque
1033 3822 1164 3892 fecisset
1189 3837 1287 3913 poeta
1307 3827 1335 3893 si

298 3928 371 3995 istic
398 3926 461 4009 ζιῦν
488 3928 676 4015 scripsisset.
720 3926 863 3995 Verbum
895 3926 950 4014 ζῆν
981 3928 1168 4015 saepissime
1198 3929 1334 4016 figmata

300 4053 396 4098 sensu
414 4030 477 4096 dici
493 4052 557 4095 non
574 4030 735 4098 docendus
753 4041 803 4098 est
819 4029 1033 4097 Hamakerus.
1073 4030 1268 4099 Notissimus
1286 4042 1335 4098 est

298 4132 492 4221 Antiphanis
509 4132 598 4199 locus
614 4131 707 4202 Com.
722 4156 772 4222 gr.
789 4133 852 4199 111.
870 4156 901 4220 p.
917 4133 991 4199 130.
1008 4132 1196 4222 γεγάμηκεν,
1215 4132 1252 4202 ὃν
1271 4134 1333 4221 ἐγω

299 4238 404 4319 ζῶντα
431 4229 678 4322 περιπατοῦντά
700 4260 737 4303 τι
758 4238 945 4304 κατέλιπον.
989 4237 1042 4302 Ac
1067 4237 1176 4305 nescio
1197 4262 1241 4305 an
1263 4232 1325 4306 ἔστ’
