2859 4909
311 375 374 440 116
764 385 888 444 Avus.

313 527 408 615 quirit
428 528 499 606 τόν,
522 528 608 613 quod
630 526 860 595 restituendum
882 547 954 594 esse
976 527 1055 593 vidit
1076 528 1171 593 eliam
1193 525 1356 592 indicatus

315 631 479 698 nKockio
497 653 560 697 vnn
578 627 665 697 Gent
681 629 841 697 Mnemon.
861 629 939 697 Vll.
957 652 989 717 p.
1008 630 1081 696 214.

760 816 810 872 Vs.
829 817 906 873 1755.

403 921 531 993 ἕπεσθε
548 927 605 990 νῦν
621 919 792 1009 γάμοισιν,
813 911 840 988 ὦ
859 923 950 1012 φῦλα
966 920 1077 990 πάντα
1096 920 1266 1007 συννόμων

402 1023 595 1115 πτεροφόρ’,
615 1024 673 1094 ἐπὶ
689 1026 793 1094 πέδον
810 1021 892 1104 Διὸς
908 1026 965 1093 καὶ
982 1026 1075 1109 λέχος
1091 1025 1265 1112 γαμάλισν.

381 1145 549 1214 Secundus
567 1168 678 1215 versus
700 1168 774 1214 cum
795 1167 859 1212 uns
882 1144 1004 1233 syllaba
1025 1146 1126 1212 minor
1144 1146 1197 1226 sit,
1220 1146 1353 1212 fuerunt

315 1250 371 1336 qui
389 1248 447 1319 ἐπί
462 1274 499 1317 το
513 1249 616 1318 πέδον
634 1247 820 1328 scriberent,
844 1248 914 1316 aliis
932 1246 1151 1338 mepcyopo'p’
1171 1250 1354 1336 praeferen-

315 1354 410 1421 tibus.
454 1351 576 1421 Vitium
592 1352 670 1418 mihi
688 1351 794 1439 potius
811 1352 845 1418 in
861 1352 964 1420 πέδον
980 1352 1078 1419 lutere
1100 1352 1238 1431 videtur,
1267 1353 1353 1439 quod

316 1456 424 1526 nescio
450 1479 492 1524 un
516 1466 601 1526 recte
629 1454 778 1524 δάπεδον
796 1454 878 1534 Διός
899 1455 1093 1541 scripserim,
1122 1456 1211 1523 cuius
1233 1457 1354 1523 indicis

316 1559 414 1628 lutere
439 1560 587 1626 videntur
608 1559 641 1626 in
664 1558 819 1646 scriptura
840 1558 909 1625 end.
931 1566 970 1625 Δ.
993 1558 1102 1626 πάδον
1124 1558 1235 1639 altsig.v
1263 1560 1352 1626 Iovis

314 1662 452 1752 χρύσεον
475 1660 622 1730 δάπεδον
643 1670 754 1729 notum
772 1670 821 1729 est
838 1683 879 1728 ex
895 1660 1038 1729 Homero
1055 1662 1094 1729 ΙΙ.
1114 1661 1153 1740 δ’,
1172 1663 1204 1729 2.
1247 1662 1351 1729 Deni-

317 1787 379 1851 que
406 1764 548 1832 dativum
574 1764 731 1853 γάμοισιν
757 1764 868 1832 dubito
894 1787 971 1831 num
997 1776 1082 1833 recte
1107 1766 1353 1853 interpretentur

317 1868 378 1934 viri
399 1868 485 1935 docti
507 1871 550 1935 ad
569 1871 694 1957 nuptias
717 1869 926 1946 celebrandas,
949 1871 1035 1954 quod
1056 1880 1127 1935 utut
1148 1891 1206 1956 per
1222 1869 1351 1957 lingune

316 1970 404 2060 leges
430 1970 536 2040 fecere
560 1971 654 2038 liceat
680 1975 886 2058 (quamquam
912 1982 1032 2040 certum
1058 1971 1158 2039 dativi
1184 1972 1230 2039 sic
1255 1972 1350 2058 positi

317 2073 497 2163 exemplum
531 2074 649 2142 frustra
683 2075 924 2163 circumspexi),
959 2074 1206 2162 Aristophanem
1244 2087 1349 2141 temen
1420 2085 1421 2160 ζ

317 2183 477 2266 γαμοῦσιν
491 2179 656 2267 scripsisse
671 2178 815 2266 suspicor
827 2181 952 2266 nuptias
962 2179 1097 2266 succurit
1101 2204 1114 2256 ,·
1131 2201 1170 2247 ec
1182 2200 1223 2247 ne
1236 2179 1349 2262 articu-
1420 2181 1421 2186 ’

318 2283 384 2348 lum
402 2283 553 2368 requiras,
573 2305 631 2350 sun
650 2292 762 2369 sponte
780 2276 857 2369 ἡμῖν
876 2282 1048 2369 suppletur.
