2859 4909
517 366 642 425 AVES.
1060 358 1103 425 95

45 481 46 552 Ῑ
94 507 206 593 aenigne
233 508 289 574 καὶ
323 512 500 595 τρίψαντες
530 503 709 592 κατάχυσμ’
739 508 874 595 ἔπορον,
911 533 975 597 quo
1007 522 1101 599 paeto

45 615 46 678 3
93 611 164 678 etiam
186 611 239 676 καὶ
262 614 440 699 τρίψαντες
467 611 586 678 servari
610 621 725 698 potest.
769 611 822 679 De
848 613 972 701 poetica
998 612 1101 682 forma

45 741 46 812 ι
93 711 187 800 ἔπορον
202 714 233 779 in
250 714 429 801 anapaestis
446 736 511 781 non
528 713 738 786 dubitandum
756 726 814 783 eat.

159 836 163 842 ⁶
515 883 565 940 vs.
584 884 644 940 σου.

45 975 46 1056 l
201 1023 203 1028 ,
507 985 661 1077 ἤνπερύ’
677 987 735 1057 ἐπί
722 985 805 1071 ίωσ’,
826 989 1016 1076 ἐπιβάλλειν

45 1083 46 1154 l
93 1087 219 1179 σφραγῑύ
234 1086 348 1172 αὐτοῖς
361 1087 467 1158 ἐπὶ
433 1116 492 1179 την
505 1091 670 1179 ψωλήν,”
654 1117 707 1159 ινα
718 1118 763 1180 μιγ
750 1088 927 1178 titania*
909 1118 944 1162 ετ
941 1089 1029 1163 ’ίκιί
1016 1100 1096 1176 ί.νας

136 1210 298 1277 Nonnihil
320 1211 399 1278 mihi
421 1211 662 1278 dubitationis
652 1213 785 1279 miciunt
772 1209 955 1281 ινειΙια”
933 1239 1036 1302 ηνπιρ
1064 1214 1095 1283 δ’

92 1309 191 1395 ίπίυά,
212 1318 261 1381 ain
279 1319 439 1395 οεοειίοιιί,
461 1338 520 1403 pro
537 1337 601 1400 quo
618 1315 825 1439 expectabam
843 1317 962 1403 potius,
980 1321 1030 1385 ιε’νι
1047 1343 1098 1385 ου-

92 1420 210 1485 maerim.
247 1418 401 1485 Fortasse
420 1418 622 1486 scribendum
638 1430 688 1487 est
704 1414 808 1507 ἤνπερ
827 1418 863 1487 δὲ
880 1416 1012 1502 ποιῶύ,
1032 1422 1052 1487 i.
1067 1444 1095 1490 e.

50 1585 53 1592 r
91 1513 323 1609 ἢνδιοφοιτῶσι
342 1518 399 1589 διὰ
416 1528 475 1610 τῆς
489 1522 612 1610 χώρας.

513 1691 564 1748 Vs.
582 1692 642 1747 565.

92 1789 285 1885 ἢνλφρούίτῃ
305 1795 385 1885 θύῃ,
403 1794 530 1886 πυρούς
548 1794 663 1886 ὄρνιθι
680 1797 841 1885 φαληρίδι
857 1797 970 1867 θύειν·

93 1892 117 1981 ἢν
130 1897 158 1965 δὲ
172 1900 358 1968 Ποσειδῶνί
373 1925 425 1980 τις
443 1896 493 1968 σίν
511 1899 595 1989 θύῃ,
614 1899 711 1988 νύσσῃ
731 1898 859 1986 πυροὺς
875 1903 1082 1990 καθαγίζειν·

93 1995 151 2086 ἢνά
157 1997 318 2091 Ἡρακλέει
330 2029 383 2084 τις
394 2008 484 2089 βοῦν,
503 2004 595 2091 λάρῳ
609 2000 750 2083 ναστοὺς
761 2003 857 2071 θύειν
870 2005 1094 2089 μελιτούττας.

93 2098 132 2170 κάν
145 2108 198 2172 Art
210 2107 281 2196 θύῃ
300 2109 436 2193 βασιλεῖ
451 2107 553 2195 κριόν,
572 2106 730 2192 βασιλεύς
748 2100 812 2173 ἐστ’
829 2101 959 2191 ὀρχίλος
977 2105 1076 2196 ύρνις.

135 2224 285 2294 Phalaridi
308 2227 450 2294 aviculae
467 2228 553 2294 idem
576 2227 765 2294 sacrificium
787 2226 873 2312 qnod
890 2228 975 2293 anati
991 2232 1096 2315 parari

94 2348 143 2393 mn
156 2331 204 2398 vix
221 2331 372 2398 credibile
391 2332 441 2410 eit,
460 2331 642 2396 Brunckiua
659 2353 707 2396 vs.
726 2328 801 2396 565.
819 2326 942 2419 κριθὰς
958 2353 1015 2417 pm
1033 2357 1097 2399 πυ·

94 2429 357 2513 perscribendum
375 2436 512 2514 cenauit,
535 2434 576 2500 ad
595 2455 724 2500 sensum
742 2455 806 2499 non
822 2432 920 2512 male,
943 2433 1002 2500 sed
1017 2433 1096 2502 eitra

94 2555 186 2601 ornnem
201 2538 345 2604 veritatis
364 2538 511 2625 speciem.
557 2536 692 2624 Scripsit

135 2651 352 2746 ἢνὲίφροδίτῃ
371 2655 454 2745 θύῃ,
473 2656 594 2745 γύρους
612 2652 727 2742 ύρνιθι
744 2656 904 2745 φαληρίδι
920 2656 1028 2724 θύειν.

94 2771 228 2844 leentae
241 2777 276 2844 id
291 2800 393 2864 genus
407 2788 466 2857 est,
479 2778 610 2857 formae,
628 2787 664 2844 ut
676 2776 729 2842 vel
742 2799 857 2843 nomen
870 2776 996 2860 indicat,
1012 2779 1096 2847 orbi·

95 2877 175 2945 tutaris
191 2891 286 2967 atque
305 2880 514 2947 mamillarum
533 2879 771 2947 similitudinem
788 2879 943 2960 referens,
962 2904 1095 2969 eamque

94 2983 119 3044 ob
130 3005 244 3051 eausam
257 2985 395 3054 Veneris
414 2984 569 3050 sacrificio
586 2984 796 3071 aptissimum.
823 2983 912 3051 Male
928 2984 963 3051 id
979 3008 1093 3053 nomen

94 3089 179 3171 μῦρος
195 3090 348 3175 seriptum
366 3098 415 3153 est
431 3088 465 3152 in
482 3086 627 3153 versibus
647 3084 776 3154 Solonis
793 3087 879 3175 apud
891 3087 1095 3155 Athenaeum

48 3249 49 3254 ,
94 3185 161 3256 XIV.
181 3183 211 3279 p
234 3191 301 3259 645
322 3192 346 3260 f.
373 3190 555 3279 τρώγουσιν
582 3192 617 3257 οἳ
641 3190 701 3274 μὲν
727 3189 832 3279 ἰ’τρια,
855 3187 862 3277 Ι
886 3194 920 3257 οἳ
942 3186 975 3256 δ’
995 3187 1094 3280 άρτσν

95 3284 179 3375 αὐτῶν,
194 3298 227 3362 οἳ
242 3294 281 3361 δὲ
295 3300 578 3383 συμμεμιγμένους
596 3291 602 3382 Ι
620 3293 761 3381 γούρους
776 3304 924 3382 φακοῖσι,
944 3292 1000 3358 ubi
1012 3315 1094 3378 quae

48 3467 49 3470 ρ
95 3395 169 3461 statim
189 3398 228 3464 de
249 3397 424 3486 κυριβάναι
445 3398 591 3486 placenta
612 3396 771 3463 adduntur
792 3401 840 3483 τῷ
863 3394 1004 3483 σχήματι
1029 3421 1094 3480 μα-

48 3483 50 3500 ¹
94 3499 234 3581 ονοειύεῖς,
263 3502 318 3566 vix
339 3502 476 3568 dubitari
497 3511 603 3586 potest
625 3500 702 3585 quin
725 3498 767 3565 ad
787 3498 908 3588 γύρους
928 3498 1094 3566 referenda

49 3597 50 3648 Ι
94 3597 142 3679 tint,
161 3615 193 3669 nt
213 3605 334 3671 factum
352 3616 401 3670 est
418 3605 452 3669 in
464 3603 619 3691 'Epitome
635 3607 748 3691 γῦρος·
773 3591 869 3681 οὗτος
884 3606 932 3689 τῷ
951 3601 1094 3690 σχήματι

94 3707 260 3795 μαστοειδής
278 3701 422 3788 laetvs
400 3702 447 3787 οἷς
465 3730 566 3795 φησιν
581 3701 729 3789 Αλκμάν.
775 3704 827 3772 Cf.
846 3704 1035 3772 Eustathius
1053 3707 1095 3773 ad

50 3800 162 3878 Hom
164 3834 206 3938 p.
213 3811 307 3889 1864,
317 3812 348 3876 9.
367 3810 466 3900 γύρος
481 3811 552 3892 (sie)
564 3811 711 3888 πλακοῦς
723 3835 770 3896 ιφ
785 3808 927 3897 σχήματι
939 3832 1095 3893 μαστοει-

50 3889 51 3968 l
95 3902 177 3993 lie,
155 3938 178 3999 ῳ
192 3912 331 4003 εχριοντο
340 3914 494 3993 Λακωνες
508 3938 594 4001 προς
605 3937 766 4000 γυναικων
779 3909 955 3991 ἑστιάσεις.
991 3913 1093 3979 Totus

50 3973 51 4060 l
93 4007 127 4076 ille
140 4014 291 4084 Athenaei
306 4018 396 4087 loeus
416 4016 665 4083 incredibilem
655 4038 689 4080 m
710 4014 841 4081 modum
864 4016 979 4102 partim
1000 4015 1095 4081 libra-

50 4095 52 4198 l
94 4132 182 4184 mmm
198 4120 289 4208 eulpa
306 4122 420 4210 partim
438 4121 538 4208 ipsius
556 4113 748 4186 Athenaei’
729 4123 889 4207 ακρισίφι
828 4117 1019 4185 tturhatua
1035 4130 1092 4186 est.

51 4305 52 4352 ρ
51 4213 180 4302 Apud
188 4223 425 4291 Artemidorum
453 4221 599 4290 Onirocr.
627 4222 673 4302 11,
701 4222 755 4288 69.
783 4222 869 4309 optio
894 4222 987 4287 datur
1012 4222 1095 4288 inter
