2859 4909
460 363 759 423 LYSISTRA'I'A.
1069 353 1134 421 135

95 508 186 594 posui
212 507 309 573 utin
334 506 423 574 libris
450 506 568 594 scripta
593 518 682 587 sunt3
710 530 750 576 eo
775 507 829 574 olii
850 507 940 575 aliter
961 519 1132 587 tentarunt,

96 610 258 698 Reisigius
275 606 381 698 μιαρὰ
397 607 504 700 μιαρὰ
523 606 590 699 δῆτ’
607 601 634 678 oi
651 616 726 693 Ζεῦ,
746 610 895 700 Engerus
907 608 1014 701 μιαρὰ
1025 609 1134 701 μιαρὰ

98 710 162 800 δῆτ’
193 704 221 780 ni
252 719 316 782 Ζεῦ
346 720 424 798 Ζεῦ,
461 715 622 803 Bergkius
654 715 792 801 denique
823 726 948 784 servata
980 715 1134 783 librorum

99 817 254 905 scriptura
270 817 403 886 alterum
422 807 450 884 ὦ
467 824 531 887 Ζεῦ
549 841 622 886 oum
640 818 846 905 sequentibus
864 820 1041 899 coniunxit,
1062 841 1134 906 per·

100 922 184 989 sonis
211 922 259 989 sio
284 921 454 988 distinotist
489 931 577 991 KIN.
604 927 690 990 ποία
715 920 871 1009 ydumei,
896 919 1003 1011 μιαρὰ
1027 918 1135 1010 μιαρὰ

101 1020 164 1111 δῆτ’
182 1014 210 1090 ὦ
228 1030 303 1093 Ζεῦ.
330 1031 425 1093 ΧΟΡ.
441 1033 536 1093 ΓΕΡ.
564 1015 592 1092 ὦ
610 1031 691 1104 Ζεῦ,
710 1022 777 1093 εἴθ’
793 1022 893 1114 adripe
909 1023 976 1095 mr.
1018 1026 1068 1093 Ne
1087 1026 1134 1093 sio

101 1127 228 1212 quidem
248 1127 329 1195 hoeo
351 1129 428 1196 satis
451 1128 617 1196 commode
638 1128 829 1215 praeoedere
849 1127 928 1195 mihi
954 1130 1025 1196 visa
1050 1138 1134 1196 sunt.

101 1230 218 1299 Veram
247 1232 403 1299 rationem
432 1232 572 1299 ostendit
601 1232 714 1320 opinor
739 1231 894 1319 particulo
920 1231 1017 1321 δῆτα,
1051 1253 1135 1317 quse

103 1357 173 1400 oum
190 1334 377 1421 saepissime
395 1357 433 1402 eo
451 1336 584 1403 consilio
601 1335 801 1417 adhibeatur,
824 1344 861 1401 ut
882 1335 1046 1404 confirmet
1063 1357 1136 1403 sen·

103 1439 229 1505 tentiam
246 1437 287 1504 ab
306 1438 368 1506 olio
384 1439 588 1527 propositam,
606 1438 712 1506 locum
729 1439 774 1505 ita
791 1438 953 1506 constitui:

161 1548 297 1610 ΧΟΡΟΣ
313 1550 407 1611 ΓΕΡ.
425 1548 511 1610 ποία
526 1542 683 1631 γλυκερός
704 1539 810 1630 μιαρὰ
826 1542 944 1631 μιαρά.

161 1653 384 1713 murum.
426 1643 533 1735 μιαρὰ
552 1640 619 1733 δῆτ’
637 1636 663 1711 ὦ
681 1650 745 1713 Ζεῦ
765 1635 791 1710 ὦ
809 1649 884 1713 Ζεῦ.
952 1720 955 1726 ,

429 1748 496 1817 εἷθ’
517 1745 617 1837 αὐτὴν
636 1744 750 1836 ὥσπερ
768 1744 845 1827 τοὺς
862 1747 1005 1833 tortoris
1020 1785 1064 1797 —

108 1851 144 1916 In
163 1874 225 1937 quo
247 1852 293 1918 nil
314 1854 436 1919 mutavi
456 1853 518 1919 nisi
540 1852 624 1939 quod
646 1849 752 1940 μιαρὰ
772 1860 846 1939 post
872 1852 1006 1919 alterum
1031 1848 1139 1940 μιαρὰ

109 1956 220 2023 iteravi.
249 1953 370 2023 Omnia
384 1967 489 2023 autem
502 1956 564 2022 ista
578 1955 727 2022 Cinesioe
740 1955 857 2022 rectius
870 1955 1027 2044 assignari
1042 1978 1138 2040 quem

111 2058 198 2125 ohoro
227 2059 367 2127 virorum
398 2071 542 2148 apertum
574 2070 633 2127 est.
681 2057 864 2124 Articulum
894 2069 967 2125 ante
997 2055 1138 2141 θωμοὺς

111 2162 249 2249 Engerus
278 2164 346 2229 sine
368 2165 453 2230 iusta
473 2186 585 2241 causa,
612 2174 648 2227 ut
668 2161 747 2227 mihi
768 2160 907 2239 videtur,
934 2161 1137 2248 suspectovit.

115 2264 160 2332 Cf.
178 2267 258 2353 Lys.
278 2267 375 2333 1255.
394 2255 481 2355 pinso
499 2265 566 2347 νὼς
582 2266 731 2354 κάπρως,
749 2273 784 2330 ut
802 2262 865 2331 alia
881 2265 1015 2331 mittam.

554 2453 605 2509 Vs.
623 2452 685 2508 986.

385 2555 422 2627 οὗ
441 2557 498 2626 τὸν
516 2554 571 2628 Δί’
590 2554 648 2625 οὔκ
666 2556 748 2645 ἐγών
764 2583 819 2646 γα.

168 2680 348 2748 Brunokius
377 2691 408 2747 et
433 2680 569 2747 Bothius
599 2676 648 2765 μὰ
672 2676 731 2747 τὸν
757 2674 812 2748 Δί’
840 2676 1020 2754 ediderunt,
1054 2673 1141 2764 quod

12 2812 14 2879 ᾗ
116 2781 301 2867 probandum
323 2797 420 2863 esset,
449 2785 477 2851 si
502 2784 582 2851 haec
608 2783 649 2850 ab
674 2784 771 2851 attico
797 2782 925 2852 homine
952 2780 1140 2860 dicerentur,

12 2902 14 2931 ²
117 2888 162 2969 qui
185 2888 217 2953 in
244 2888 404 2955 communi
432 2910 576 2954 sermone
603 2909 766 2972 nunquam
792 2887 900 2953 dixere
924 2880 961 2952 οὗ
984 2881 1042 2952 τὸν
1064 2887 1140 2962 Δία,

12 2982 14 3073 ῗ
118 2984 148 3054 οὐ
179 2989 225 3057 roi
258 2990 348 3074 θεώς
384 3001 417 3057 at
446 2990 593 3056 dixerunt
624 2991 668 3056 ita
697 2989 875 3057 Dorienses
906 2997 939 3057 et
967 2988 1002 3054 in
1031 2986 1141 3054 altiore

119 3114 246 3160 sermone
265 3094 360 3160 etiam
381 3103 495 3181 poetae
513 3094 608 3172 attici,
627 3092 714 3160 velut
733 3089 771 3160 οὐ
790 3089 849 3159 τὰν
867 3088 949 3171 Διὸς
966 3087 1141 3179 ἇστραπάν

120 3192 281 3283 Sophocles
312 3196 366 3263 El.
400 3198 496 3264 1052.
532 3207 564 3264 et
595 3191 633 3264 οὗ
665 3194 722 3263 τὸν
746 3190 908 3281 Ὄλυμπον
938 3193 1024 3260 idem
1055 3190 1140 3260 Oed.

119 3297 150 3364 R.
172 3302 262 3368 1090.
286 3301 399 3389 Anog.
423 3300 496 3366 758.

558 3487 607 3543 Vs.
625 3486 685 3543 996.

12 3642 13 3653 ,
139 3655 145 3659 .
448 3592 617 3672 Πελλάνας
635 3592 671 3661 δὲ
690 3590 752 3659 δεῖ.

12 3754 13 3805 3
174 3710 383 3781 scribendum
400 3725 467 3780 erat
484 3714 534 3801 δή,
553 3712 640 3798 quod
655 3721 742 3778 recte
758 3731 844 3776 nuno
856 3709 971 3797 legitur
983 3730 1031 3774 νε.
1047 3707 1142 3775 1076.
1250 3775 1252 3778 ,

119 3812 251 3901 idemque
278 3841 327 3883 νε.
355 3817 429 3884 144.
455 3816 686 3884 restituendum
712 3823 771 3882 est.
814 3812 996 3880 Laconicae
1021 3810 1143 3878 formes

119 3915 183 3984 item
199 3921 382 3988 obliteratae
405 3932 478 3987 sunt
500 3944 549 3987 νε.
567 3921 641 3987 999.
665 3919 722 3986 ubi
743 3941 817 3987 oum
834 3916 977 4005 Bergkio
1004 3913 1144 3982 scribon·

120 4019 185 4087 dum
206 4020 291 4108 ἁμᾶ,
314 4047 363 4091 νε.
384 4025 478 4091 1027.
503 4023 559 4090 ubi
581 4023 694 4108 ἵκομες
716 4031 749 4090 et
770 4022 866 4089 1180.
887 4020 944 4088 ubi
965 4024 1031 4107 γῶν
1052 4039 1145 4105 repo-

119 4126 245 4193 nendum
267 4138 326 4195 est.
370 4126 429 4195 Vs.
454 4128 505 4194 84.
533 4127 649 4195 rectius
676 4149 749 4194 esse
771 4126 896 4194 videtur
920 4123 1026 4212 ἱερῆον
1048 4142 1145 4208 quam

122 4222 235 4313 ἱερεῖον.
339 4229 341 4232 ’
