2859 4909
290 339 334 407 88
749 349 874 407 AVES.

288 494 410 562 dictum
427 513 498 560 esse
517 486 599 574 ἐξότ’
616 488 742 577 ἐγένετο
760 513 817 578 pro
836 487 872 573 ἐξ
888 484 967 558 ὅτου
987 488 1122 577 ἐγένετο.
1167 488 1326 557 Dixerunt

290 598 332 665 de
349 596 411 663 hoo
427 618 489 662 usu
506 593 678 683 particulae
695 590 788 675 ἐξότε
808 590 955 661 Sturzins
973 593 1048 660 dial.
1063 592 1188 659 Maced.
1201 616 1235 680 p.
1251 594 1324 660 211.

289 709 323 768 et
338 697 525 767 Lobcckiua
543 698 584 764 ad
601 696 722 784 Phryn.
740 720 772 785 p.
790 696 844 764 47.
863 697 920 764 sed
937 695 1165 784 Aristophanei
1185 696 1249 763 loci
1269 698 1326 762 im-

289 824 456 869 memores.
496 801 608 886 Neque
621 799 836 879 Hermannus,
855 800 911 886 qui
924 822 998 867 eum
1011 799 1180 867 emendare
1194 811 1324 869 conatus

290 915 340 973 est
355 905 443 994 Epit.
463 905 561 971 doctr.
581 913 670 970 metr.
688 925 720 991 p.
742 904 814 971 183.
833 903 1009 972 inauditum
1025 902 1104 969 illud
1120 903 1265 970 removit.

742 1063 793 1121 Vs.
811 1063 872 1119 350.

442 1166 517 1239 οᾶτο
535 1166 654 1237 πολιὸν
671 1170 816 1255 πέλαγος
833 1166 921 1236 ἔστιν
940 1162 960 1237 ὅ
976 1194 1010 1236 τι
1028 1168 1165 1251 δέξεται.

357 1291 423 1377 Qui
452 1290 527 1358 huic
556 1290 663 1357 versui
692 1289 836 1378 proxime
866 1289 1026 1377 praecedit
1057 1284 1132 1357 οᾶτε
1158 1285 1223 1379 γὰρ
1250 1286 1324 1377 ἄρος

291 1391 421 1481 σκιερὸν
447 1388 525 1461 odae
550 1397 651 1483 νέφος
677 1391 843 1482 αἰθέριον,
872 1392 985 1488 docere
1007 1392 1144 1471 videtur,
1171 1393 1269 1460 etiam
1293 1394 1324 1459 in

290 1498 346 1566 illo
368 1520 463 1565 versu
485 1494 604 1565 πολιὸν
627 1507 700 1584 post
722 1496 866 1583 πέλαγος
888 1497 1156 1583 transponendum
1179 1518 1266 1576 esse3
1292 1497 1323 1562 in

291 1600 407 1669 talibus
426 1611 520 1689 poete
538 1622 695 1666 summam
712 1600 956 1666 concinnitatem
974 1610 1069 1666 amat.

743 1759 794 1817 Vs.
813 1760 873 1815 374.

368 1870 444 1944 πῶς
462 1860 494 1933 d’
510 1860 551 1931 ἄν
569 1858 635 1932 οἵδ’
649 1859 737 1951 ἡμᾶς
754 1891 788 1933 τι
802 1865 964 1954 χρήσιμον
982 1864 1151 1947 διδάξειάν
1168 1890 1255 1934 ποτε

368 1964 390 2034 ἄ
407 1967 581 2057 φράσειαν.

355 2088 437 2155 Rev.
456 2098 528 2155 ante
547 2087 715 2170 διδάξειαν
732 2088 842 2154 inserit
859 2081 895 2175 ἤ,
913 2088 998 2155 unde
1015 2089 1176 2177 Bergkius
1194 2092 1323 2158 coniecit

288 2188 430 2281 χρηστὸν
447 2188 468 2279 ἢ
487 2191 669 2274 διδάξειαν,
693 2191 780 2276 quod
801 2213 913 2258 verum
935 2214 1007 2260 csse
1024 2193 1162 2260 ostendit
1179 2194 1323 2262 Theodo-

290 2319 346 2363 rus
363 2295 460 2363 Kock
477 2294 618 2361 Exercit.
637 2295 704 2361 crit.
723 2317 755 2382 p.
775 2294 805 2362 9.

744 2454 794 2512 Vs.
813 2455 873 2512 386.

342 2562 467 2647 μᾶλλον
484 2558 613 2650 εἰρίνην
632 2554 751 2647 ἄγουσι
770 2557 807 2649 νὴ
826 2557 893 2644 At',
918 2557 1004 2630 ὥστε
1021 2559 1079 2651 τὴν
1094 2567 1216 2653 χύτραν
1235 2604 1276 2614 -

356 2682 406 2747 Ita
427 2690 512 2747 recte
534 2680 612 2746 mihi
634 2680 713 2748 haec
733 2681 768 2747 in
787 2680 895 2749 Praei.
914 2683 954 2750 ad
976 2682 1145 2750 Menandri
1163 2683 1322 2771 Reliquias

290 2807 322 2871 p.
333 2782 416 2848 XX
426 2784 614 2850 emendasse
626 2784 745 2865 videor,
763 2807 836 2851 cum
845 2786 943 2874 vulgo
955 2783 1043 2853 libris
1058 2788 1322 2854 consentientibus

290 2887 450 2974 legeretur
481 2880 617 2972 ἄγουσιν
647 2882 740 2975 ἡμῖν,
776 2889 863 2975 quod
888 2889 1048 2978 Bergkius
1076 2884 1213 2977 ἄγουσιν
1239 2881 1320 2979 ἧμιν,

291 2989 462 3057 Dobraeus
495 2984 608 3076 c’r'yooo’
633 2985 711 3079 ἡμῖν
744 2986 807 3071 ἔθ’,
842 2991 1029 3059 Dindorfius
1057 2988 1147 3080 ἄγειν
1175 2995 1322 3063 δοκοῦσιν

292 3093 499 3180 scripserunt:
526 3083 604 3181 ἧμιν
630 3118 650 3160 a
673 3095 865 3161 comicorum
891 3118 952 3162 usn
978 3096 1116 3163 alienum
1141 3108 1205 3178 est,
1235 3096 1323 3166 i'rca

291 3196 444 3264 Dobraeo
466 3196 589 3264 illatum
610 3197 754 3286 languet,
783 3192 873 3284 ἄγειν
896 3198 1048 3268 δοκοῦσιν
1075 3223 1228 3289 praeceps
1254 3223 1323 3268 con·

290 3301 411 3367 iectura
425 3309 482 3367 est.
513 3298 550 3388 νὴ
565 3305 632 3369 Δίὰ
645 3323 702 3367 cur
713 3300 865 3389 languere
878 3302 1001 3369 dicatur
1011 3326 1076 3370 non
1088 3304 1182 3371 video
1187 3331 1196 3385 3
1216 3304 1321 3371 avibus

291 3405 394 3492 magis
426 3404 591 3493 magisque
622 3403 861 3485 recedentibus,
895 3406 1070 3473 rectissime
1099 3406 1322 3485 Pisthctaerus,

286 3507 442 3595 profecto,
460 3508 578 3594 inquit,
596 3511 696 3596 νιογίι
712 3511 870 3597 caspiaque
882 3533 992 3597 pacem
1009 3510 1164 3577 nobiccum
1182 3523 1286 3598 repunt.

744 3669 795 3727 Vs.
813 3670 873 3727 396.

507 3774 653 3862 δημοσίᾳ
670 3771 733 3864 γὰρ
752 3774 806 3842 ἵνα
823 3780 990 3865 ταφῶμεν,

507 3877 657 3964 φήσομεν
675 3875 761 3965 πρὸς
778 3875 855 3957 τοὺς
874 3879 1073 3967 στρατηγούς

507 3973 695 4049 ἀποθανεῖν
714 3979 748 4048 ἓν
762 3977 910 4071 Ὀρνεαῖς.

356 4096 444 4163 Male
466 4097 661 4178 Brunckius,
689 4123 785 4186 quem
808 4126 918 4170 omnes
946 4104 1044 4170 secuti
1067 4113 1155 4184 sunt,
1183 4103 1321 4191 δημόσια

291 4200 432 4288 scripsit,
455 4222 519 4286 quo
541 4211 677 4268 metrum
699 4205 827 4289 quidem
846 4207 1032 4285 restituitur,
1056 4217 1203 4274 constans
1222 4215 1320 4273 autem
