2859 4909
295 422 361 489 220
720 434 908 493 PLUTUS.

290 585 419 663 propter
435 572 617 640 mutationis
630 574 814 642 facilitatem
828 576 966 642 maxime
981 576 1240 643 commendabile.
1275 575 1327 641 Ac

290 679 426 744 formasa
448 699 488 744 ex
511 677 572 744 hoc
589 677 659 764 ipso
676 678 748 745 loco
766 678 880 746 sumsit
896 679 952 765 qui
970 703 1034 745 non
1051 702 1122 746 raro
1139 678 1328 766 Aristopha-

290 802 386 848 neum
404 780 530 847 dicendi
547 802 650 867 genus
668 782 826 869 expressit
845 781 1012 870 Chrysost.
1031 782 1064 848 in
1080 783 1097 848 1
1111 782 1216 870 Epist.
1232 804 1259 848 c.
1275 781 1326 847 15.

290 888 357 950 τῶν
381 883 651 965 ζαπλουτοάντων
672 907 724 962 τις
748 882 884 972 στυγνὸς
904 874 956 974 ήν,
981 885 1071 952 cuius
1093 885 1156 952 loci
1175 885 1327 951 indicium

291 984 393 1054 debeo
422 986 596 1054 editoribus
627 983 792 1074 Stephani.
847 987 944 1072 Quod
975 1011 1070 1056 versu
1105 988 1196 1055 tertio
1230 988 1327 1074 vulgo

289 1088 406 1178 legitur
428 1084 560 1158 ἅπαντα
581 1089 762 1177 κατήσθιεν
783 1089 862 1155 nihil
884 1090 980 1158 habet
997 1114 1062 1177 quo
1079 1091 1325 1158 commendetur.

289 1192 371 1260 Rau.
396 1188 528 1261 ἅπανθ’
553 1188 722 1281 ὑπήσθιεν
744 1193 853 1273 habet,
881 1192 964 1261 Ven.
988 1188 1122 1262 άπαντά
1143 1190 1175 1281 γ’
1195 1188 1325 1280 ήσθιεν.
1426 1195 1427 1284 l

292 1295 389 1381 Quos
416 1295 603 1363 Athenaeus
630 1295 690 1363 lv.
717 1320 750 1385 p.
774 1298 847 1365 κιο.
874 1298 905 1363 u.
934 1298 1076 1364 esserum
1104 1320 1144 1364 ex
1170 1296 1326 1363 hocloco

291 1399 383 1466 affert
401 1394 519 1467 ἅπαντ’
540 1396 713 1486 ἐπήσθιεν,
732 1399 808 1466 ferri
826 1423 890 1467 non
908 1410 1023 1488 potest.

735 1535 785 1591 Vs.
804 1537 880 1590 1011.

461 1639 634 1728 νηττάριον
653 1635 693 1707 ἂν
710 1643 767 1706 καί
782 1640 900 1724 βάτιον
917 1636 1140 1730 ὑπεκορίζετο.

352 1758 418 1825 Vix
432 1759 494 1826 dici
506 1770 612 1846 potest
624 1772 817 1848 quantopere
829 1760 924 1828 huius
938 1784 1049 1828 versus
1063 1760 1189 1827 medela
1202 1761 1326 1827 criticos

289 1862 474 1929 exercuerit.
510 1862 628 1947 βάτιον
645 1864 735 1929 nihili
753 1886 824 1931 esse
841 1865 963 1951 primus
981 1864 1135 1931 intellexit
1151 1863 1326 1940 Bentleins,

290 1965 345 2050 qui
362 1964 503 2053 φάττιον
521 1966 669 2045 coniecit,
688 1968 775 2053 quod
793 1968 979 2034 confirmare
995 1966 1163 2033 videbatur
1180 1967 1326 2033 codicum

289 2069 488 2154 quorundam
515 2069 671 2156 scriptura
695 2070 847 2156 βάττιον,
881 2071 1008 2158 optimis
1034 2070 1123 2137 libris
1149 2070 1184 2135 in
1209 2068 1344 2155 βάτιον·

289 2172 568 2240 consentientibus.
615 2171 683 2240 Sed
704 2173 846 2262 φάττιον
868 2185 903 2239 ut
919 2175 961 2240 ad
979 2196 1108 2241 sensum
1126 2173 1327 2261 expeditissi-

287 2297 390 2355 mum,
413 2276 458 2342 ita
479 2275 563 2343 idem
586 2277 629 2342 ad
650 2299 799 2343 numeros
821 2277 974 2356 inhabile,
1001 2299 1081 2363 quos
1104 2277 1223 2344 frustra
1244 2276 1326 2343 Din-

287 2378 406 2445 dorfius
424 2378 540 2464 aliique
558 2379 742 2446 defendunt.
777 2380 817 2445 Id
834 2380 889 2466 qui
906 2380 1059 2447 intellexit
1075 2379 1240 2447 Porsonus
1259 2392 1327 2446 ten·

288 2482 367 2549 tavit
388 2481 561 2571 νηττάριον
583 2478 783 2572 ὑπεκορίζεά
807 2477 848 2550 ἂν
869 2485 926 2551 καὶ
948 2483 1101 2572 φάττιον,
1123 2485 1156 2549 in
1178 2506 1243 2569 quo
1266 2482 1326 2550 viri

287 2585 463 2652 acutissimi
476 2587 675 2673 prudentiam
688 2586 756 2653 iure
770 2586 940 2653 desideres.
984 2585 1052 2653 Alii
1070 2586 1234 2653 tentabant
1250 2611 1325 2673 νητ-

287 2688 401 2777 τάριον
424 2683 464 2754 άν
486 2691 543 2755 καὶ
565 2689 706 2778 φάττιον
729 2687 905 2775 ἐκορίζετο,
928 2690 1047 2775 inquo
1069 2711 1172 2775 neque
1190 2690 1273 2756 ictus
1291 2691 1324 2755 in

287 2788 428 2879 φάττιον
445 2801 530 2857 recte
547 2793 670 2878 positus
689 2802 747 2870 est,
766 2814 868 2877 neque
885 2792 1081 2877 κορίζεσθαι
1093 2815 1150 2879 pro
1164 2787 1324 2882 ὑποκορί-
1427 2799 1428 2842 l

287 2891 408 2974 ζεσθαι
425 2892 552 2978 probari
569 2902 687 2981 potest3
705 2895 784 2961 nihil
802 2896 885 2962 enim
904 2895 1008 2962 tribuo
1020 2895 1179 2983 Hesychii
1196 2895 1323 2983 glossae
1427 2919 1428 2958 ι

282 2991 514 3082 Ἐκορίζετο·
536 2991 757 3084 ὑπεκορίζετο,
776 2999 893 3086 quippe
910 2999 951 3064 od
968 2998 1053 3066 Nub.
1072 2999 1125 3065 68.
1143 2999 1322 3085 pertinenti.

285 3098 446 3186 Bergkius
468 3100 591 3165 restitui
613 3099 712 3166 voluit
737 3101 870 3186 βάβιον,
898 3101 984 3185 quod
1007 3099 1108 3188 Syros
1135 3101 1175 3168 de
1201 3101 1322 3168 infante
1427 3099 1428 3102 ’

285 3225 397 3270 recens
419 3216 494 3269 nato
516 3202 636 3269 dixisse
658 3213 769 3269 auctor
790 3215 840 3270 est
856 3203 1050 3271 Damascius
1068 3204 1155 3291 apud
1171 3204 1322 3271 Photium

285 3306 370 3372 Bibl.
393 3328 425 3392 p.
447 3306 521 3384 341,
547 3307 598 3372 11.
643 3305 750 3372 Credo
773 3306 919 3392 equidem
941 3328 992 3372 me
1019 3317 1130 3394 poetae
1155 3307 1190 3372 id
1215 3308 1320 3396 ipsum

286 3409 374 3494 quod
391 3410 561 3497 scripserat
577 3410 767 3476 restituisse:

458 3512 629 3601 νηττάριον
647 3507 688 3578 dr
704 3512 761 3578 κοί
779 3510 903 3600 φάβιον
920 3508 1142 3601 ὑπεκορίζετο.

285 3613 409 3703 φάβιον
427 3616 600 3681 colombala
616 3615 695 3681 nihil
712 3615 818 3681 differt
835 3638 855 3682 a
873 3613 1027 3702 φάττιον,
1046 3624 1157 3701 estque
1177 3616 1318 3683 deminu-

285 3717 386 3782 tivum
403 3718 540 3785 nominis
559 3716 649 3806 φάψ,
669 3719 709 3784 de
727 3728 791 3804 quo
808 3718 881 3784 vide
894 3717 1101 3785 Aristotelem
1118 3720 1205 3806 apud
1219 3720 1319 3787 Athe·

283 3842 400 3885 naeum
418 3821 483 3887 lX.
503 3844 534 3907 p.
553 3821 627 3887 394.
647 3845 675 3887 a.
722 3820 790 3888 cfr.
808 3821 954 3888 Lobeck.
972 3821 1077 3887 Paral.
1096 3846 1126 3909 p.
1147 3823 1220 3891 111.

728 3957 779 4012 Vs.
798 3956 875 4011 1013.

404 4064 598 4144 μυστηρίοις
617 4060 653 4127 δὲ
670 4072 742 4141 τοῖς
758 4061 915 4147 μεγάλοις
933 4058 1109 4149 ὀχουμένην

404 4157 463 4227 inl
480 4165 537 4246 τῆς
555 4157 682 4250 ἁμάξης
700 4158 754 4231 ὅτι
770 4166 1000 4253 προσέβλεψέν
1016 4170 1060 4250 μέ
1075 4191 1128 4247 τις
1145 4206 1189 4217 -

345 4279 449 4347 Valde
471 4279 629 4367 discrepat
651 4282 691 4348 ab
714 4284 764 4348 his
782 4285 938 4371 scriptura
953 4285 1036 4353 Ven.
1054 4298 1127 4366 τοῖς
1143 4289 1316 4377 μεγάλοισι
