2859 4909
538 394 662 451 Avus.
1057 389 1123 456 103

91 535 150 599 crit
176 557 208 620 p.
237 535 290 600 15.
335 535 375 599 In
405 534 512 599 avium
543 534 702 623 catalogo,
739 559 821 622 quae
850 538 885 603 in
915 542 1120 626 sequentibus

93 648 318 715 enumerantur,
338 636 434 702 etiam
451 634 687 725 ἔρισάλπιγγος
703 663 820 706 nomen
838 665 858 706 a
874 652 969 729 poeta
982 667 1121 712 comme-

91 753 240 807 moratum
262 740 377 817 fuisse,
405 762 445 805 ex
472 740 593 807 scholio
620 743 750 828 antiquo
775 744 961 833 intelligitur
981 748 1022 813 ad
1046 750 1120 815 884.

92 845 230 930 quamvis
253 867 318 910 non
340 844 463 932 integre
486 845 617 931 scripto:
646 843 863 914 ἐπισκεπτέον
889 851 968 938 περὶ
994 851 1121 920 τούτων

93 947 123 1015 ἐκ
141 954 198 1037 τῆς
218 953 285 1014 τῶν
308 946 401 1034 ζῴων
425 946 587 1035 ἱστορίας,
611 952 663 1027 τίς
685 944 704 1016 ὃ
726 952 846 1039 τέτραξ
860 953 916 1018 καὶ
934 954 1048 1040 φλέξις
1065 957 1121 1021 καὶ

94 1049 217 1132 eteros.
261 1046 282 1139 ἡ
305 1046 367 1139 γὰρ
389 1050 499 1135 βάσκα
519 1053 575 1117 καὶ
592 1052 817 1141 καταρράκται
835 1053 901 1121 εἶσὶ
917 1054 1013 1144 παρὰ
1030 1059 1121 1123 Καλ-

96 1157 216 1242 λιμάχῳ
241 1150 535 1240 ἀναγεγραμμέναι.
581 1151 599 1222 ὁ
624 1155 660 1222 δὲ
682 1155 880 1243 αἰγίθαλλος
901 1153 968 1224 οὔτ’
989 1156 1121 1247 ἔρισάλ-

94 1260 174 1345 πιγξ.
220 1257 365 1342 Quorum
386 1269 548 1344 postrema
568 1259 613 1325 ita
625 1259 781 1346 ,videntur
799 1260 914 1347 corrigi
930 1284 1026 1347 posse
1040 1259 1121 1329 οὔτε

96 1361 127 1428 δὲ
151 1360 347 1448 αἰγίθαλλος
373 1356 439 1428 οὔτ’
463 1359 669 1447 berdemyc.
720 1362 805 1429 Eam
832 1362 873 1429 ob
900 1386 1030 1431 causam
1059 1365 1122 1431 hac

96 1466 209 1531 avicula
230 1465 411 1552 catalogum
435 1466 523 1543 auxi,
551 1466 683 1551 eiusque
704 1488 821 1532 nomen
844 1466 917 1533 884
938 1477 1011 1554 post
1033 1466 1121 1555 odyl-

97 1569 213 1648 9αλλος
234 1568 369 1645 inserui,
396 1578 432 1633 ut
454 1579 598 1635 suaserat
620 1568 714 1634 etiam
732 1568 949 1636 Halbertsma.
983 1570 1121 1659 Scripsi

98 1682 192 1737 autem
208 1667 447 1760 ἠρισάλπιγγα,
470 1695 566 1756 quam
584 1694 625 1738 ex
641 1661 730 1738 hoc
720 1694 806 1758 apso,
829 1684 864 1738 ut
881 1673 1020 1754 videtur,
1042 1674 1122 1741 Ari-

99 1775 247 1861 stophanis
263 1775 335 1841 loeo
353 1785 577 1841 commemorat
595 1774 790 1861 Hesychius,
809 1777 895 1862 apud
912 1799 1008 1862 quem
1026 1779 1121 1845 etiam

99 1877 216 1943 aliamm
242 1879 350 1943 avium
370 1880 499 1944 nomina
520 1901 561 1944 ex
582 1878 799 1965 Aristophane
822 1892 1118 1960 commemorantur,

99 1980 175 2046 velut
205 1986 332 2065 βασκᾶς
366 1991 398 2047 et
428 1983 560 2069 τέτραξ,
600 1982 680 2048 haee
715 1982 844 2067 quidem
874 1984 987 2050 miram
1018 1994 1121 2050 trans-

101 2083 306 2151 formationem
332 2106 428 2171 passa
453 2085 487 2149 in
512 2085 573 2150 hac
599 2085 709 2172 glossa
724 2080 916 2173 ’Ἰστραξ·”
896 2111 985 2175 ορνις
1007 2087 1117 2166 ποιός.

103 2209 171 2271 quae
193 2189 257 2255 noli
279 2188 425 2254 dubitare
447 2188 525 2273 quin
547 2211 587 2254 ex
613 2189 734 2273 τέτραξ
754 2199 901 2275 corrupta
923 2190 973 2254 sit.
1016 2189 1118 2256 Vides

29 2345 32 2349 .
104 2312 184 2373 quam
212 2293 300 2358 tenui
331 2291 512 2357 discrimine
537 2290 696 2358 ἸΟΤΡΑΞ
724 2302 757 2358 et
787 2293 954 2368 ΤΘΤΡΑΞ
976 2291 1059 2358 inter
1085 2316 1120 2358 se

105 2392 302 2461 distineantur.

537 2615 586 2670 Vs.
607 2615 667 2669 909.

342 2752 508 2821 Μουσάων
526 2753 690 2841 θεράπων
707 2750 860 2846 ὀτρηρός,

342 2854 426 2924 κατὰ
442 2854 500 2924 τὸν
509 2852 656 2944 (Όμηρον.

20 3089 21 3100 ¹
156 3012 317 3081 Postrema
343 3012 441 3078 verba
463 3010 586 3094 (Schol.
609 3012 692 3078 Rav.
719 3011 865 3099 περισσά
891 3037 977 3091 τινες
1002 3018 1121 3094 ταῦτα)

110 3114 198 3196 quiet
223 3117 274 3182 hic
298 3126 330 3181 et
352 3116 426 3182 914.
455 3126 605 3201 tanquam
632 3115 794 3202 glossema
820 3115 918 3181 deleri
943 3116 1120 3193 voluerunt,

20 3219 21 3282 l
109 3237 197 3284 vereor
212 3243 251 3285 ne
269 3220 303 3285 id
320 3220 420 3285 invito
437 3230 532 3305 poeta
548 3218 690 3285 fecerint.
726 3219 909 3284 Ridiculum
927 3226 976 3284 est
993 3229 1121 3304 poetam

108 3317 368 3407 dithyrambicum,
403 3322 481 3387 dum
517 3321 705 3388 sublimibus
742 3321 847 3388 verbis
881 3320 1050 3386 Musarum
1086 3344 1120 3386 so

20 3443 21 3506 ξ
109 3416 224 3512 ὀτρηρὸν
244 3425 443 3508 θεράποντα
464 3425 641 3510 profitetur,
666 3426 734 3491 eius
756 3424 923 3491 locutionis
941 3423 1128 3506 Homerum,
1213 3480 1216 3486 ,

20 3525 21 3528 ’
107 3533 199 3610 testem
215 3529 402 3615 producere.
418 3607 421 3613 Ι
445 3527 557 3613 Neque
575 3528 759 3594 incredibile
781 3537 843 3606 est,
866 3537 977 3614 poetas
998 3526 1069 3592 illos
1087 3527 1126 3592 id

20 3637 21 3716 t
109 3631 213 3716 saepius
234 3632 411 3713 factitasse,
435 3654 499 3717 qua
520 3654 554 3698 re
577 3655 650 3698 cum
669 3632 843 3697 orationem
860 3630 1061 3718 magnificam
1080 3630 1122 3697 ad

20 3725 21 3742 ¹
108 3726 294 3801 humilitatem
317 3734 476 3821 quandam
498 3734 723 3821 deprimerent,
750 3735 783 3800 id
809 3737 914 3821 ipsum
941 3734 1054 3800 comici
1081 3735 1123 3800 ad

20 3873 21 3898 t
108 3834 188 3902 risum
208 3839 374 3923 iocumque
395 3838 603 3904 detorserunt.
650 3837 801 3904 Ceterum
822 3839 885 3903 ista
906 3836 1004 3903 verba
1026 3839 1121 3903 etiam

110 3934 285 4007 Eustratium
306 3940 348 4007 ad
365 3939 467 4007 Arist.
486 3939 608 4006 Nicom.
629 3966 661 4029 p.
682 3940 734 4007 65.
753 3940 784 4006 b.
802 3942 837 4005 in
855 3963 914 4006 suo
931 3941 1123 4028 Aristopha-

111 4040 149 4105 nis
175 4046 276 4110 codice
307 4042 473 4122 habuisse,
508 4043 647 4111 ostendit
671 4043 859 4109 Ruhnkenii
887 4043 1049 4110 adnotatio
1081 4045 1122 4109 ad

21 4153 22 4180 ¹
114 4139 245 4213 Velleium
262 4171 294 4235 p.
313 4148 367 4247 204
