2859 4909
285 356 331 423 30
715 364 897 422 VESPAE.

612 551 615 556 .
741 501 792 560 Vs.
811 503 871 559 687.

306 624 372 697 ort
389 605 517 714 διάβάς,
539 627 745 716 διακινηθεὶς
761 631 809 714 τῷ
827 624 959 711 σώματι
976 627 1031 693 καὶ
1048 630 1308 715 τρυφερανθείς.-

354 765 470 833 Nescio
483 764 561 850 quid
574 765 635 831 hoc
648 765 688 831 sit
700 763 860 852 opprobrii
879 764 1104 831 διακινεῑσθαι
1117 768 1165 851 τῷ
1180 762 1329 848 σώματι,

288 871 469 937 commoveat
486 890 624 956 corpore,
647 869 733 955 quod
749 877 834 935 recte
851 867 966 934 dicitur
982 868 1022 933 de
1045 866 1246 946 saltantibus,
1269 867 1333 932 vix

289 982 398 1040 autem
414 971 455 1040 de
473 972 559 1039 molli
577 972 718 1059 corporis
736 981 825 1039 motu
839 971 902 1037 dici
914 972 1030 1060 potnit;
1048 970 1164 1037 ferrem
1177 968 1332 1055 recteque

289 1077 410 1143 dictum
432 1097 504 1143 esse
525 1075 653 1155 faterer,
678 1076 705 1141 si
728 1075 870 1141 additum
888 1083 974 1141 esset
995 1064 1106 1163 ἁβρῶς
1131 1074 1183 1140 vel
1202 1098 1333 1162 τραφε-

289 1185 359 1269 ρῶς
375 1178 427 1245 vel
445 1178 547 1246 simile
564 1179 651 1265 quid.
692 1177 801 1263 Quare
819 1183 1001 1265 corruptum
1019 1200 1089 1245 esse
1106 1177 1211 1244 locum
1228 1177 1330 1243 eredo

290 1293 481 1372 poetamque
500 1283 665 1370 scripsisse
683 1282 818 1348 conicio:

338 1398 401 1483 ὡδὶ
423 1402 556 1489 διαβάς,
579 1405 636 1469 καὶ
658 1402 887 1482 διακναισθεὶς
907 1407 955 1491 τῷ
977 1401 1108 1488 σώμασι
1128 1402 1184 1469 καὶ
1204 1426 1283 1489 τρυ-

897 1510 1088 1595 ‹papea-bete.

292 1610 488 1676 Particulam
510 1610 565 1676 καὶ
588 1619 660 1676 ante
684 1606 741 1676 διὰ
762 1632 857 1696 quam
878 1609 1011 1697 proclivi
1036 1632 1139 1677 errore
1165 1609 1330 1687 exciderit,

292 1713 438 1801 plurimis
456 1721 580 1779 constat
598 1713 762 1801 exemplis.

751 1918 801 1975 Vs.
819 1918 879 1973 725.

314 2029 334 2127 ἦ
354 2063 421 2107 που
440 2035 547 2128 σοφὸς
563 2028 602 2128 ἦν
621 2035 713 2121 ὅστις
731 2039 880 2131 ἔφασκεν,
900 2041 979 2129 πρὶν
997 2036 1037 2107 ἂν
1056 2035 1182 2129 ἀμφοῖν
1199 2042 1315 2124 μῦθον

899 2139 1050 2232 άκσάσῃς,

314 2224 373 2296 oda
391 2224 431 2296 άκ
450 2227 613 2310 δικάσαις.

364 2366 574 2436 Scribendum
600 2389 672 2434 esse
698 2368 765 2434 dixi
791 2364 829 2435 οὗ
851 2365 897 2456 μὴ
921 2367 1081 2448 δικάσεις,
1108 2367 1197 2434 cuins
1219 2365 1334 2432 iudicii

295 2472 379 2539 banc
397 2494 526 2539 eausam
547 2470 660 2550 habui,
671 2471 770 2556 ¹quod
788 2467 848 2540 oda
865 2468 905 2540 άκ
923 2463 1075 2551 δικάσαις
1091 2481 1238 2538 nontam
1255 2491 1334 2556 prc-

295 2575 434 2643 hibentis
452 2585 502 2641 est
518 2596 614 2660 quam
632 2575 709 2659 qnid
726 2575 794 2642 fieri
812 2576 911 2643 soleat
927 2576 1071 2643 dicentis.
1113 2572 1242 2640 Licebit
1260 2573 1335 2658 qni-

294 2679 370 2745 dem
388 2673 448 2744 σῦκ
465 2673 506 2744 dv
524 2675 677 2757 δικάσαις
697 2678 895 2765 interpretari
916 2703 978 2745 ιισιι
995 2681 1099 2766 possis
1120 2679 1277 2754 iudicares
1294 2685 1335 2740 ut

297 2780 374 2848 feeit
399 2780 603 2848 Hermannus
627 2780 751 2869 Opusc.
773 2782 833 2849 IV.
860 2806 892 2871 p.
915 2784 994 2862 3693
1020 2805 1085 2849 non
1109 2781 1196 2847 favet
1221 2788 1335 2846 tamen

212 2895 217 2911 ⁴
295 2884 372 2950 hnic
390 2883 591 2970 explicationi
607 2885 792 2952 notissimus
810 2908 903 2972 quem
921 2898 1016 2974 poeta
1031 2885 1073 2953 ob
1092 2884 1200 2952 oculos
1217 2880 1334 2948 habuit

295 2988 408 3053 incerti
429 2988 567 3055 auctoris
588 3010 699 3055 versus
723 3013 743 3056 a
765 2989 934 3056 scholiasta
955 2989 1101 3057 laudatus
1116 2987 1210 3075 Χμηδὲ
1237 2986 1333 3073 δίκην

296 3089 448 3179 δικάσῃς,
477 3092 557 3179 πρὶν
579 3087 619 3159 dv
641 3088 768 3181 ἀμφοῖν
789 3097 900 3178 μῦθοι
924 3088 1075 3182 ἀκούσῃς.
1121 3091 1215 3157 Adde
1241 3091 1334 3175 quod

295 3194 429 3281 optativi
446 3194 580 3261 formam
597 3195 631 3260 in
649 3219 703 3274 αις
719 3219 782 3261 non
800 3197 888 3262 novit
905 3197 1034 3282 antiqua
1050 3195 1158 3262 atthis.

752 3398 801 3455 Vs.
820 3400 879 3455 766.

318 3531 357 3589 Φ.
385 3523 462 3610 περὶ
480 3525 556 3604 τοῦς
578 3525 613 3588 τί
629 3522 755 3609 ληρεῖςς
797 3530 866 3589 ΒΔ.
892 3517 990 3589 ταῦθ’
1010 3516 1097 3611 άπερ
1116 3519 1184 3588 ἐκεῖ
1199 3519 1310 3608 πράτ-

898 3650 1001 3693 σεται.

299 3840 305 3850 ,
359 3761 431 3826 Non
448 3761 634 3848 intelligitur
650 3762 735 3827 unde
752 3767 856 3828 ταῦτα
872 3762 1019 3850 pendeat.
1065 3762 1175 3840 Certa,
1199 3773 1235 3828 ut
1253 3763 1333 3829 mihi

294 3862 434 3940 videtur,
457 3864 637 3931 coniectura
660 3865 773 3952 scripsi
794 3862 919 3952 πρῶθ’
940 3860 1027 3953 άπερ
1046 3863 1114 3933 ἐκεῖ
1129 3865 1332 3952 πράσιεσαις

197 3989 200 3994 ’
294 3988 398 4050 neque
411 3967 618 4033 offensionem
632 3965 728 4034 habet
741 3963 828 4057 άπερ
843 3992 915 4034 cum
933 3969 998 4035 ictu
1016 3969 1049 4033 in
1065 3969 1177 4035 ultima
1195 3969 1331 4057 syllaba,

292 4090 487 4154 quamquam
508 4070 594 4136 hunc
615 4070 708 4136 facile
731 4071 847 4138 evitare
868 4072 1023 4159 potuisset
1046 4082 1138 4159 poeta
1162 4073 1332 4140 scribendo

293 4168 420 4257 rcpdss‘d'
437 4171 459 4238 ἃ
477 4167 570 4239 κάκιῑ
586 4172 778 4261 πράττεται.
