2859 4909
544 432 738 510 Pronus
1094 423 1158 489 213

118 576 259 664 reposui.
303 574 368 640 Pro
386 573 508 661 ταύτην
524 573 661 640 fortasse
678 576 775 641 ταυτὶ
794 574 1011 655 seribendum3
1032 577 1160 662 βλέψαι

120 690 229 746 autem
246 678 318 766 plus
338 677 436 743 semel
453 677 534 742 dixit
549 675 783 764 Aristophanes
802 678 842 744 de
859 677 969 759 Pluto,
989 678 1045 745 ubi
1063 681 1157 747 etiam

120 780 313 868 ἀναβλέψαι
330 781 393 846 dioi
410 781 522 867 potuit.

573 932 623 987 Vs.
641 932 702 987 534.

169 1037 228 1106 διὰ
249 1037 308 1126 τὴν
327 1042 440 1123 χρείαν
461 1039 517 1104 καί
538 1033 596 1125 τὴν
616 1044 734 1105 πενίαν
757 1037 863 1124 ζητεῖν
885 1033 1015 1107 ὁπόθεν
1035 1046 1108 1124 βίον

726 1138 802 1221 ἕξει.

185 1260 309 1329 Dubito
335 1284 413 1328 num
439 1269 524 1327 reete
549 1260 602 1326 hio
627 1265 728 1328 πενία
754 1273 1030 1344 oommemoretur‚
1061 1287 1158 1350 quam

117 1368 192 1454 ipsa
208 1364 418 1452 Paupertas
408 1388 442 1429 m
465 1374 532 1430 toto
554 1363 616 1429 hoo
634 1385 778 1430 sermone
795 1364 939 1452 impense
957 1368 1157 1435 commendat
1271 1409 1281 1426 f

80 1485 83 1490 ⁴
117 1480 149 1536 et
165 1473 208 1557 τῇ
231 1473 381 1557 πτωχεία
402 1467 543 1555 opponit.
567 1489 598 1532 V.
615 1465 760 1554 inprimis
784 1490 831 1533 vs.
850 1467 915 1535 552
933 1491 1003 1555 sqq.
1048 1470 1155 1555 Quare

116 1572 228 1640 neseio
246 1596 287 1638 an
304 1583 421 1639 πεῖναν
438 1580 534 1658 poeta
552 1569 724 1657 scripserit.

571 1739 622 1797 Vs.
640 1739 700 1794 578.

191 1843 278 1916 οὑτω
297 1843 543 1934 διαγιγνώσκειν
559 1841 705 1929 χαλεπὸν
722 1840 845 1932 πρᾶγμ’
862 1843 933 1914 ἐστὶ
950 1841 1087 1918 δίκαιον.

184 1967 303 2034 Merito
329 1966 497 2033 artioulm
522 1966 565 2032 ad
591 1964 719 2033 δίκαιον
749 1965 950 2033 desiderabat
974 1967 1156 2050 Dobraeus,

117 2073 171 2138 oui
202 2071 380 2138 assentiens
406 2069 594 2136 Diodorfius
626 2068 760 2135 oonieoit
791 2062 878 2135 οὑτω
911 2069 1157 2158 διαγιγνώσκειν

118 2174 209 2243 ἐστὶν
234 2170 381 2257 χαλεπὸν
406 2169 446 2239 τὸ
473 2173 614 2251 δίκαιον,
645 2171 807 2259 Bergkius
834 2181 940 2238 autem
968 2168 1055 2240 οὑτω
1084 2176 1157 2243 δια-

117 2276 309 2366 γιγνώσκειν
327 2273 475 2360 χαλεπὸν
497 2275 632 2355 πάντας
652 2272 692 2341 τὸ
718 2272 853 2342 δίκαιον.
897 2275 1039 2343 Possunt
1060 2279 1157 2346 etiam

116 2383 180 2448 alia
203 2380 305 2446 oonioi
326 2403 406 2448 e..o.
430 2374 517 2448 οὑτω
546 2375 792 2466 διαγιγνώσκειν
816 2367 866 2463 ἆρ’
890 2367 929 2467 ἦν
948 2377 1094 2463 χαλεπὸν
1115 2380 1154 2452 τὸ

116 2486 256 2553 δίκαιον.
300 2483 348 2549 At
370 2483 449 2549 nihil
470 2483 602 2570 impedit
624 2504 687 2567 quo
710 2482 816 2549 minus
843 2487 982 2571 πρᾶγμα
1008 2506 1081 2550 oum
1108 2486 1157 2552 δί-

116 2613 212 2656 καιον
230 2586 448 2675 coniungatur,
467 2587 593 2674 difficile
610 2588 785 2651 estimatum
803 2609 927 2652 caueam
945 2589 1128 2675 δίγοοσοαι.

571 2755 621 2812 Vs.
640 2755 701 2810 645.

357 2863 467 2950 φιλεῖς
485 2860 522 2927 δὲ
540 2855 639 2947 δρώώ
656 2857 739 2926 αὑτὸ
759 2861 903 2958 σφόδρα.

182 2982 285 3050 Verbi
306 2983 415 3070 φιλεῖν
437 3003 510 3046 oum
532 2981 699 3068 participio
722 2981 880 3048 coniuncti
906 2983 1043 3063 nullum,
1071 2986 1157 3070 quod
1252 2997 1256 3005 ’

119 3090 231 3168 sciam,
257 3084 437 3172 exemplum
461 3093 524 3163 est3
551 3083 592 3150 de
613 3084 713 3171 Vesp.
735 3083 829 3151 1535.
853 3084 887 3151 εἴ
904 3111 939 3153 τι
961 3082 1080 3174 φιλεῖτ’
1101 3083 1157 3173 δρ-

11 3197 12 3200 ’
117 3191 274 3276 χούμενοι
298 3210 356 3254 suo
377 3187 448 3254 loeo
470 3187 590 3253 dietum
613 3197 672 3253 est.
716 3187 841 3253 Forsan
858 3187 956 3274 igitur
973 3183 1066 3276 δρᾶσ’
1086 3190 1107 3254 i.
1128 3213 1155 3256 e.

118 3297 242 3383 δρᾶσαι
268 3290 480 3359 scribendum.
535 3287 604 3357 Sed
629 3290 743 3356 retinet
771 3311 822 3355 me
847 3288 973 3356 Eooles.
999 3290 1074 3358 502.
1101 3293 1156 3359 ubi

117 3397 315 3466 consimilem
334 3403 523 3460 structuram
541 3392 640 3459 habes
658 3397 751 3476 μίσει
769 3391 870 3460 σάκον
887 3389 973 3482 πρὸς
989 3406 1062 3462 τοῖν
1078 3378 1156 3482 γνα-

116 3508 197 3570 θοῖν
216 3498 347 3583 ἐ’χουσα.

571 3647 622 3705 Vs·
639 3649 701 3703 688.

234 3755 273 3825 τὸ
290 3754 425 3843 γρᾴδιον
444 3748 475 3820 δ’
492 3749 538 3833 ώς
554 3747 722 3842 ᾗσδάνετό
740 3778 805 3838 μου
823 3750 880 3821 τὸν
897 3752 1023 3842 ψόφον,

235 3855 329 3947 δίραώ
349 3854 481 3947 ὑφῄρει.
837 3843 841 3851 ’

182 3982 280 4066 Quod
301 3979 399 4065 vulgo
420 3977 537 4066 legitur
556 3973 614 4065 τὴν
633 3972 713 4066 χεῖρ’
738 3972 861 4066 ὑφῄρει
885 4000 949 4044 non
976 3980 1070 4045 nauoi
1096 3992 1153 4061 est,

117 4109 221 4173 neque
234 4083 321 4170 quod
333 4082 493 4169 Bergkius
507 4080 614 4168 posuit
625 4077 683 4167 τὴν
694 4075 774 4167 χεῖρ’
786 4076 928 4171 ὑπερῆρε
941 4082 1155 4167 probaverim3

117 4190 252 4278 probum
271 4197 355 4254 esset
372 4183 430 4273 τὴν
445 4179 525 4271 χεῖρ’
542 4179 712 4270 ὑπερέσχε,
732 4184 788 4250 sed
806 4184 840 4250 id
856 4184 988 4250 nimium
1006 4185 1156 4253 recedita

22 4347 24 4352 .
118 4294 263 4361 oodioum
281 4290 446 4377 scriptura,
490 4287 612 4375 Recepi
628 4287 726 4374 igitur
742 4287 886 4354 Dobraei
903 4287 1155 4356 emendationem
