2859 4909
512 329 695 389 VESPAE.

542 468 593 524 Vs.
610 469 670 524 771.

261 575 315 640 καὶ
331 579 437 641 ταῦτα
453 574 513 659 μὲν
530 579 586 640 νῦν
604 569 757 661 εὐλόγως,
776 571 816 663 ἢν
833 572 924 664 ἐξέχῃ

262 676 330 765 εῗλη
348 672 417 743 κατ’
434 671 570 767 ὄρθρον,
590 673 723 765 ἡλιάσει
739 675 826 765 πρὸς
842 672 946 767 ἥλιον.

148 796 294 884 Magnae
311 796 388 862 milri
406 819 532 884 semper
548 797 716 864 offensioni
733 799 807 879 fuit,
830 800 917 885 quod
933 798 1123 865 matutinum

85 901 162 968 solis
182 900 321 966 calorem
338 897 457 982 ἐξέχειν
475 900 539 966 dici
556 899 718 981 videbam3
744 901 820 969 hinc
837 902 957 969 conieci
974 902 1008 967 in
1024 924 1124 968 anno-

84 1006 208 1071 tatione
234 1003 342 1070 critica
367 999 407 1092 ἢν
430 1001 541 1093 ίξίχρῃ
564 1002 655 1091 elipe
675 1000 744 1072 κατ’
765 1000 905 1093 ὄρθρον,
932 1009 1124 1093 conperpe-

77 1109 190 1197 jactuc
204 1107 307 1194 fuerin
324 1108 380 1173 ubi
395 1108 469 1173 solis
486 1108 571 1173 color
591 1113 742 1176 matutino
765 1122 897 1197 tempore
919 1110 1063 1196 occoepit,
1089 1118 1125 1174 ut

10 1291 11 1302 ρ
84 1211 176 1298 εἳλης
204 1210 323 1276 dictum
350 1210 391 1277 sit
417 1220 453 1275 ut
474 1209 603 1291 νυκτός,
630 1206 767 1300 ἡμέρας,
795 1211 948 1299 αἰθρίας,
976 1215 1122 1297 πνίγους,

9 1313 11 1386 l
83 1314 157 1380 alia.
204 1311 250 1379 Et
272 1310 382 1403 ίξέχρῃ
409 1313 505 1380 etiam
526 1313 677 1380 Reiskius
700 1315 849 1396 coniecit,
876 1314 933 1382 sed
959 1313 1042 1380 male
1067 1335 1125 1401 pro

8 1443 9 1446 ¹
83 1416 155 1504 εῗλη
182 1417 311 1503 scripsit
332 1412 435 1504 εὐνῆς.
481 1415 631 1483 Ceterum
653 1416 724 1506 εῗλη
752 1441 852 1505 pones
875 1442 916 1484 an
939 1415 1009 1505 ἕλη,
1038 1416 1124 1502 quod

7 1531 9 1534 ’
82 1543 145 1608 ego
169 1542 246 1584 cum
263 1520 306 1587 V.
325 1519 450 1606 scripsi,
472 1520 603 1606 perinde
625 1529 685 1588 est.
728 1520 768 1586 In
791 1521 996 1607 sequentibus
1013 1543 1124 1586 verum

81 1625 164 1690 vidit
189 1623 374 1702 Richterus,
402 1621 487 1689 εἴσει
512 1646 576 1689 non
602 1623 645 1689 ad
671 1618 749 1691 olda
774 1624 832 1692 sed
858 1624 899 1690 ad
926 1623 1049 1708 εἴσειμι
1075 1646 1125 1690 re-

5 1779 6 1788 ι
80 1729 203 1807 ferens,
222 1751 290 1793 cum
297 1727 383 1813 pluit
393 1726 550 1803 ι’κίυοίϋίες
566 1737 640 1815 post
652 1726 841 1816 καθήμενος
853 1728 1056 1795 incidendum
1065 1738 1125 1794 cst.

544 1912 594 1970 Vs.
613 1914 674 1969 967.

229 2008 258 2084 ὦ
276 2011 418 2103 δαιμόνι’
435 2013 518 2083 ἑλίει
534 2016 613 2099 τοὺς
629 2020 974 2107 ταλαιπωρουμένους.

3 2214 4 2219 1
147 2141 289 2207 Frustra
305 2137 400 2205 huius
418 2158 530 2204 versus
548 2161 697 2206 numeros
715 2140 1022 2219 tuenturviridocti,
1042 2137 1126 2207 ἐλέει

3 2232 4 2271 f
80 2242 284 2333 disyllabum
307 2264 379 2309 esse
397 2250 581 2307 statuentes.
625 2240 747 2309 Verum
764 2243 882 2310 vidisse
900 2245 1011 2330 opinor
1028 2243 1127 2308 Bent-

1 2390 3 2409 .
81 2349 187 2416 leium
205 2336 235 2412 ὦ
255 2346 374 2429 δαῖμον
391 2355 518 2431 poetam
537 2345 701 2432 scripsisse
719 2346 937 2413 conicientem.
981 2345 1128 2431 Alloqui-

81 2464 136 2517 tnr
154 2458 267 2517 autem
284 2450 412 2535 Lycum
429 2447 567 2527 heroem,
586 2449 677 2516 cuius
694 2448 932 2537 imagunculam
948 2450 982 2515 in
999 2471 1127 2516 scenam

1 2546 2 2635 ζ
82 2554 219 2621 allatam
237 2574 309 2619 esse
326 2574 367 2618 ex
384 2575 433 2617 vs.
452 2551 526 2617 819.
545 2551 740 2640 intelligitur.

538 2738 588 2795 Vs.
607 2739 684 2793 1064.

306 2844 440 2927 οἴχεται,
460 2844 576 2911 κύκνου
595 2868 631 2909 τε
648 2843 854 2933 πολιώτεραι
873 2842 912 2934 δὴ

306 2942 375 3013 a‘t'd‘
394 2946 601 3014 ἐπανθοῦσιν
617 2952 737 3035 τρίχες.

152 3069 222 3136 Pro
241 3067 449 3156 πολιώτεραι
465 3068 547 3135 Rau.
566 3076 599 3134 ct
615 3080 652 3134 Γ.
670 3066 790 3135 habent
806 3068 1007 3156 colesiacum
1051 3069 1131 3135 Par·

86 3174 221 3241 ticulum
249 3168 289 3258 δὴ
316 3181 401 3237 recte
427 3170 569 3236 inutilem
596 3171 672 3237 dicit
692 3171 894 3250 Dindorfius3
920 3196 978 3261 pro
1001 3195 1040 3238 ea
1062 3169 1128 3259 δῆτ’

87 3276 185 3343 metri
202 3298 302 3341 causa
318 3274 426 3360 posuit
442 3273 612 3361 Bergkius.
657 3273 812 3342 Conicere
834 3276 939 3361 possis
962 3275 1076 3341 κύκνου
1095 3299 1131 3340 τε

88 3373 269 3465 πολιώτερ’
292 3375 366 3444 αἵδε
385 3374 391 3464 Ι
410 3373 483 3465 τῇδ’
505 3375 712 3446 ἐπανθοῦσιν
733 3384 855 3467 τρίχες,
883 3388 920 3443 ut
941 3376 1132 3464 πολιώτερα

89 3493 245 3569 tanquam
263 3479 407 3547 adverbii
424 3480 495 3547 loco
511 3480 651 3568 positum
669 3482 724 3561 sit,
742 3471 821 3571 τῇδε
839 3491 946 3547 autem
964 3479 1134 3558 δεικτικῶς

88 3586 268 3672 accipiatur
289 3606 348 3671 pro
369 3583 448 3672 τῇδε
465 3589 505 3672 τῇ
523 3585 665 3674 κεφαλῇ,
689 3585 745 3671 qui
762 3607 840 3650 usus
858 3581 1068 3670 Aristophani
1085 3594 1135 3650 est

87 3687 382 3773 frequentissimus.
437 3684 504 3753 Sed
538 3688 608 3774 ipse
642 3688 735 3756 video
770 3687 851 3753 haec
880 3687 986 3753 omnia
1015 3688 1136 3754 incerta

89 3791 226 3858 reddere
257 3789 417 3877 potiorum
447 3789 598 3856 librorum
634 3791 822 3877 scripturam
853 3786 920 3856 οἵδ’
946 3787 1137 3859 ἔπανθαῦοι

88 3898 223 3980 τρίχας,
260 3893 295 3959 in
321 3915 385 3978 qua
410 3893 488 3978 quid
513 3892 609 3960 lateat
635 3894 688 3961 ulii
714 3893 850 3960 sortasse
881 3893 1015 3961 elicient
1068 3895 1138 3962 Nec

92 3996 203 4063 minus
231 3997 353 4064 incerta
387 4006 438 4062 est
468 3997 667 4081 sequentium
698 3997 853 4083 scriptura
886 3998 992 4065 τῶνδε
1024 3998 1137 4088 ῥώμην

92 4096 245 4189 νεανικὴν
260 4111 358 4183 σχεῖν,
377 4099 541 4185 inquibus
555 4099 716 4167 Dindortii
734 4100 807 4167 crisi
824 4097 953 4190 νανικὴν
972 4101 1139 4169 scribentis

96 4202 181 4268 nihil
201 4203 375 4290 proficitur,
399 4203 461 4271 nisi
479 4202 576 4270 verba
598 4203 701 4270 τιῦνδε
724 4203 837 4293 ῥώμην
859 4204 1078 4283 emendentur,
1104 4206 1140 4272 in
