2859 4909
452 335 802 423 'Acerurrusru
1114 353 1156 418 15

11 515 13 546 r
119 507 216 573 fuerit
240 506 442 573 vehementer
463 505 589 585 dubit03
615 506 721 590 iteque
745 505 947 573 scribendum
973 505 1098 573 videtur
1120 506 1157 573 αἰ

121 607 155 678 δ’
167 600 207 676 αὖ
221 614 378 697 παχυνθῇ
392 608 443 674 vel
455 609 543 694 quod
550 607 730 675 Ahrensiue
745 609 797 675 vol

184 714 243 780 Vs.
265 713 337 779 793.
358 707 427 778 ἀλλ’
446 707 519 794 οὐχὶ
534 724 648 800 χοῖρος
664 708 853 801 τδφροδίτᾳ
871 712 1003 779 θύεται.
1049 711 1154 780 Codd.

117 818 185 884 fere
197 815 315 882 habent
330 841 361 898 χ.
376 820 417 903 τῇ
432 811 614 904 ἆφραδίτᾳ,
633 816 718 882 unde
733 816 899 882 ediderunt
909 841 940 899 χ.
954 812 1153 903 τᾶφροδίιᾳ.

116 923 165 987 At
189 919 320 986 articulo
348 919 470 984 nullum
494 919 548 985 hio
573 918 678 985 locum
706 942 777 985 esse
807 920 978 986 ostendunt
1003 942 1051 986 vs.
1081 920 1154 986 790.

117 1024 292 1101 κάλλιστος
319 1021 413 1089 ἔσται
436 1034 551 1110 χοῖρος
564 1018 743 1111 Ἀφροδίτᾳ
764 1021 861 1103 θύεν,
890 1033 921 1089 et
946 1045 994 1088 vs.
1018 1022 1091 1088 794.
1115 1017 1153 1088 οδ

115 1140 229 1216 χοῖρος
243 1122 432 1215 Ἀφροδίτᾳ.
466 1125 551 1190 Eam
565 1124 606 1191 ab
624 1148 754 1191 eausam
773 1125 885 1212 scripsi
900 1124 1014 1213 χοῖρός
1026 1121 1154 1214 τᾶφρο·

118 1232 194 1318 δίνᾳ
208 1231 228 1295 i.
244 1252 272 1295 e.
283 1229 399 1317 χοῖρός
412 1253 465 1296 τοι
480 1223 665 1317 Ἀφροδίτῃ,
685 1228 776 1295 aber
791 1227 988 1296 Sehweine
1005 1230 1153 1295 werden

118 1333 212 1399 doeh
230 1334 295 1398 der
312 1332 528 1419 Aphrodite
546 1332 651 1398 nieht
667 1332 853 1419 geopfert.

570 1536 620 1593 Vs.
638 1536 699 1592 835.

247 1646 361 1709 παίειν
379 1636 430 1729 ἐφ’
447 1637 503 1708 ἁλὶ
519 1637 580 1708 τὰν
596 1642 737 1726 μᾶδδαν,
757 1641 835 1708 α’ίκα
852 1666 904 1721 τις
921 1640 1014 1729 διδῷ.

180 1762 246 1829 Pro
259 1765 374 1829 παίειν
383 1761 586 1828 Hamokerus
599 1763 731 1847 requirit
744 1762 883 1828 doricam
896 1763 1032 1828 formam
1044 1773 1153 1843 παῖεν,

8 1853 10 1880 '
114 1887 216 1952 quare
242 1864 371 1951 corrigit
396 1877 496 1931 παῑεν
519 1860 570 1954 ἐφ’
592 1860 697 1932 ἁλέσι.
742 1863 854 1934 Voluit
879 1865 1015 1932 fortusse
1041 1860 1154 1933 ἆλάσι.

115 1970 170 2035 Ι)ε
188 1981 287 2036 παῖεν
305 1967 373 2033 fere
391 1969 555 2047 assentior,
573 1992 631 2055 pro
645 1964 700 2034 ἁλί
714 1966 774 2036 τὰν
786 1981 892 2034 autern
906 1970 1041 2035 fortome
1056 1962 1155 2035 ἅλατι

114 2073 197 2138 dixit
219 2071 315 2138 homo
337 2070 553 2157 Megarensis,
581 2094 663 2156 quoe
689 2072 830 2160 vulgaris
856 2072 959 2138 forma
985 2082 1034 2139 est
1059 2083 1092 2138 et
1112 2070 1154 2137 ab

115 2177 298 2241 Atticorum
317 2197 380 2253 usu
396 2174 512 2252 aliena,
537 2176 595 2241 sed
615 2198 712 2260 quam
734 2186 818 2241 reete
841 2176 926 2262 opud
949 2175 1154 2240 Theocritum

115 2278 198 2358 XV,
219 2279 269 2356 17,
288 2278 458 2364 agnovisse
476 2278 601 2344 videtur
619 2276 822 2345 Sohaeferus.
865 2278 920 2344 De
938 2276 1154 2343 Choeroboeoi

114 2383 186 2448 loeo
210 2380 265 2447 ubi
285 2377 325 2449 τὸ
350 2375 434 2460 δίλας
456 2403 473 2447 e
494 2382 628 2467 Lycone
651 2381 829 2447 Troadensi
850 2381 994 2459 offertur,
1020 2380 1087 2444 dixi
1113 2379 1154 2444 ad

117 2484 317 2572 Stephanum
335 2483 417 2571 Byz.
436 2508 468 2571 p.
489 2485 562 2550 721.

181 2588 244 2655 His
268 2587 394 2673 seriptis
416 2587 479 2654 alio
502 2586 587 2653 subit
608 2587 748 2652 animum
766 2586 921 2653 dubitatio
939 2586 979 2651 de
995 2585 1158 2673 praeposi·

115 2694 202 2757 tione
225 2688 296 2771 ίπί,
321 2713 417 2774 quom
438 2691 553 2755 ferrem
577 2691 604 2755 ei
626 2690 678 2755 hio
694 2690 851 2776 legeretur
872 2694 986 2756 παίειν
1009 2684 1074 2755 ἅλα
1096 2687 1155 2756 ἐπὶ

115 2801 155 2883 τῇ
171 2793 272 2881 μάζῃ.
317 2793 416 2858 Maza
433 2793 523 2862 uibus
541 2803 604 2872 eet,
629 2792 676 2858 eal
698 2793 865 2859 obsonium
887 2815 951 2878 quo
969 2817 1061 2859 mozo
1078 2816 1155 2861 eon-

115 2901 212 2978 ditur,
229 2897 316 2983 quod
335 2897 428 2964 simul
445 2919 518 2963 cum
536 2920 628 2962 maza
645 2906 742 2963 estur.
788 2896 1021 2963 CtPao.123.
1040 2895 1155 2963 κολλύ-
1223 2945 1226 2954 .

6 3013 8 3106 ξ
116 3028 176 3088 ραν
203 3000 347 3089 μεγάλην
368 3001 425 3065 καί
445 3000 602 3067 κόνδυλον
625 2994 714 3085 δψαν
738 2995 789 3066 ἐπ’
806 2994 904 3089 αὐτῇ,
933 3001 988 3067 ubi
1009 2999 1155 3087 placento

6 3109 8 3130 '
115 3106 207 3172 cibus
222 3116 281 3184 est,
300 3103 352 3168 eui
367 3102 460 3190 alapa
473 3126 531 3191 pro
550 3102 682 3169 obsonio
700 3102 835 3168 additur.
871 3105 985 3188 Itaque
1003 3103 1065 3169 nisi
1082 3104 1153 3187 quis

6 3243 8 3280 τ
117 3209 230 3275 dooere
251 3207 420 3285 sustineat,
447 3230 571 3272 mazam
594 3206 719 3272 obsonii
740 3206 811 3272 loeo
833 3207 892 3272 sali
919 3206 1154 3293 superadditam

117 3311 227 3390 fuisse,
245 3334 310 3376 non
323 3310 450 3375 credam
463 3320 547 3375 reete
561 3309 681 3375 dietum
694 3332 766 3375 esse
779 3310 866 3394 quod
879 3310 912 3374 in
926 3309 1014 3374 libris
1028 3308 1153 3395 legitur.

6 3447 7 3508 }
117 3411 248 3479 Conieoi
264 3413 363 3501 igitur
379 3418 493 3480 παίειν
515 3410 697 3501 ἒφαλίσταν
713 3413 833 3497 μᾶζαν,
857 3414 879 3477 i.
898 3434 926 3478 e.
948 3436 1069 3476 mazam
1091 3413 1156 3476 ιαία

117 3520 279 3582 conditam.
318 3514 470 3582 Similiter
483 3512 632 3604 ίφάλμια
645 3515 808 3602 βρώματα
821 3516 968 3581 dicuntur
981 3516 1041 3580 αἱδί
1052 3518 1155 3579 muria

120 3622 243 3684 conditi.

571 3787 622 3845 Vs.
640 3788 701 3844 848.

213 3889 285 3961 οὐδ’
303 3888 443 3975 ἐντυχὼν
462 3891 494 3959 ἓν
512 3889 638 3983 τάγορᾷ
656 3893 817 3983 πρόσεισί
834 3917 890 3960 σοι
906 3893 1050 3979 βαδίζων

211 4006 373 4083 Κρατῖνος
391 3991 445 4062 ἀεὶ
462 4001 656 4086 κεκαρμένος
672 3994 789 4080 μοιχὸν
806 4002 869 4085 μιᾷ
885 4001 1043 4086 μαχαίρᾳ.

183 4114 245 4183 Pro
265 4115 410 4204 βαδίζων
431 4118 556 4203 requiro
579 4117 699 4202 aliquid
722 4118 961 4205 significantius.
1007 4117 1061 4185 Cf.
1081 4119 1155 4185 842.

6 4307 7 4312 ¹
120 4228 151 4284 et
169 4218 238 4286 844.
262 4220 370 4305 Quare
385 4221 586 4287 scribendum
601 4221 746 4308 suspicor
757 4221 905 4302 κακίζων.
927 4221 1032 4287 Versu
1046 4221 1155 4301 altero,
