2859 4909
240 366 305 432 204
570 378 946 438 ECCLESIAZUSAE.

240 522 399 604 σαγμέναι
417 517 631 598 scribendum,
650 521 736 607 quod
754 521 953 607 aptissimum
971 521 1002 587 h.
1022 520 1042 585 l.
1062 529 1109 585 est
1126 530 1282 604 reeteque

238 644 313 688 oum
330 622 476 709 genetivo
493 622 644 709 iungitur.

695 760 744 815 Vs.
763 759 823 813 890.

389 862 496 950 τούτῳ
516 863 666 949 διαλέγου
685 860 936 952 κάποχώρησον
961 863 1002 930 σύ
1021 863 1057 930 δέ
1074 902 1116 911 -

307 978 344 1048 Si
361 981 432 1067 quis
450 994 580 1068 quaerat
597 985 652 1069 qui
670 985 710 1050 sit
727 984 780 1051 ille
797 1007 934 1069 quonum
951 983 1151 1050 iuvenculam
1168 982 1283 1047 vetula

241 1083 377 1169 oolloqui
406 1084 527 1164 iubeat,
563 1087 684 1152 nullum
715 1089 858 1173 reperiet.
914 1086 1021 1171 Quare
1048 1085 1184 1151 dubitari
1211 1109 1283 1151 non

240 1198 346 1274 potest
375 1188 452 1272 quin
482 1187 589 1276 τούτῳ
622 1201 803 1276 corruptum
834 1192 892 1256 sitr
930 1190 970 1256 ad
997 1189 1184 1255 sententiam
1211 1211 1280 1254 non

241 1291 384 1377 ineptum
414 1301 499 1357 esset
529 1297 646 1380 σαυτῇ,
682 1294 769 1377 quod
800 1294 933 1360 coniecit
963 1291 1180 1370 Halbertsma3
1218 1291 1283 1356 sed

242 1403 386 1479 apertum
404 1404 453 1460 est
470 1394 556 1460 aliud
573 1395 650 1481 quid
667 1397 774 1476 latere,
793 1408 824 1462 et
841 1396 979 1481 quidem,
997 1406 1032 1460 ut
1049 1395 1126 1460 mihi
1139 1395 1279 1471 videtur,

241 1495 358 1562 locutio
375 1497 591 1584 proverbialis.
636 1500 749 1584 Itaque
767 1500 899 1566 conieci:

477 1599 591 1687 τύμβῳ
612 1601 762 1690 διαλέγου
781 1599 1028 1689 κάποχώρησον.

239 1700 327 1765 Nihil
348 1701 541 1787 frequentius
564 1704 649 1791 apud
671 1716 781 1791 poetas
800 1706 937 1772 comicos
955 1728 1050 1792 quam
1070 1725 1160 1769 senes
1179 1724 1282 1790 eapu-

241 1803 324 1869 lares
351 1814 382 1869 et
415 1804 590 1893 decrepitos
621 1807 773 1895 appellari
803 1809 959 1893 τύμβους,
994 1806 1134 1894 τύφους,
1170 1830 1281 1894 τυφο-

242 1910 396 1993 γέροντας
414 1908 512 1987 (Nub.
532 1910 606 1976 909.
625 1910 764 1996 Lysistr.
782 1912 887 1992 395.)‚
910 1921 946 1976 ut
969 1911 1064 1976 etiam
1086 1909 1180 1998 τύφῳ
1200 1909 1280 1975 δια-

245 2013 340 2098 λέγου
360 2011 461 2078 oonici
478 2014 590 2099 possit.

307 2113 366 2179 Vs.
386 2116 460 2183 901.
489 2115 689 2182 scribendum
715 2117 840 2182 videtur
864 2115 902 2184 τὸ
928 2114 1090 2204 τρυφερὸν
1115 2113 1177 2203 γὰρ
1200 2114 1280 2182 ἑπι-

242 2220 384 2305 πίφυκε,
404 2219 518 2304 quibus
537 2220 578 2285 ad
595 2220 748 2287 amussim
765 2220 977 2308 respondeant
994 2220 1116 2285 numeri
1134 2243 1180 2285 vs.
1200 2220 1278 2284 907.

241 2319 280 2385 τό
298 2315 325 2387 τ’
343 2319 546 2411 ἐπίκλιντρον
564 2320 762 2409 ἀποβάλοιο.

691 2476 742 2533 Vs.
761 2476 821 2531 909.

499 2575 583 2647 κύπὶ
599 2585 657 2669 τῆς
674 2578 782 2669 κλίνης
801 2576 879 2669 ὅφιν
898 2576 1005 2670 εύροις

501 2685 557 2748 καὶ
574 2684 826 2769 προσελκύσαιο.

305 2800 377 2866 Non
403 2801 595 2887 respondent
616 2803 695 2869 haec
717 2804 861 2870 versibus
886 2804 1066 2890 strophiois,
1094 2826 1190 2888 quare
1212 2825 1278 2868 non

242 2902 376 2968 dubium
402 2903 478 2987 quin
505 2904 721 2990 eompluseula
747 2908 799 2972 hio
827 2907 1008 2973 exciderint.
1060 2906 1202 2972 Mettum
1228 2929 1279 2971 re-

248 3007 381 3092 quiritur
398 3005 472 3072 hoo:
507 3093 516 3118 Ι

244 3255 343 3321 Recte
361 3254 521 3340 Bergkius
546 3248 624 3342 ύφιν
646 3252 773 3342 ψυχρὸν
797 3255 961 3341 scripsisse
979 3255 1113 3319 videtur.
1159 3252 1278 3340 Super-

243 3368 317 3423 sunt
351 3357 486 3443 vestigia
520 3358 740 3424 exactissimae
775 3358 1002 3444 responsionis,
1038 3368 1073 3422 ut
1107 3357 1279 3423 ostendunt

241 3473 365 3548 praeter
382 3460 444 3526 alia
465 3460 562 3526 verba
583 3457 666 3527 κύπὶ
687 3467 744 3546 τῆς
762 3462 883 3546 κλίνης,
907 3459 1022 3546 quibus
1040 3461 1185 3547 opposita
1203 3472 1279 3526 sunt

244 3564 324 3630 haee
341 3558 424 3629 κάπὶ
441 3574 512 3641 τοῖς
529 3563 656 3650 μήλοις.

696 3698 746 3754 Vs.
764 3699 824 3752 974.

167 3898 170 3905 Ι
251 3804 388 3888 μέλιττα
405 3801 555 3890 Μούσης,
573 3809 727 3891 Χαρίτων
746 3808 895 3889 θρέμμα,
919 3809 1050 3892 Τρυφῆς
1067 3801 1262 3890 πρόσωπον.

306 3920 423 3986 Nescio
450 3945 513 4006 quo
541 3947 637 3990 sensu
663 3913 768 4010 puelli
795 3926 903 3989 Manae
930 3926 1053 4011 αμίοιιία
1076 3923 1211 4000 dicatur,
1239 3946 1279 3988 ao

243 4025 303 4092 fuit
326 4024 380 4109 qui
401 4025 558 4110 μείλιγμα
579 4028 690 4112 reponi
711 4026 815 4092 vellet.
860 4026 994 4092 Videtur
1014 4037 1120 4091 tamen
1140 4026 1280 4109 μέλιττα

243 4128 372 4194 defendi
385 4149 489 4212 posse,
503 4138 538 4191 ut
554 4128 593 4193 sit
606 4131 766 4205 ύιιίιύσιιίο,
784 4127 991 4208 Siissohen‚
1011 4127 1281 4214 quemadmodum

243 4233 276 4298 in
290 4231 390 4298 Ranis
403 4230 476 4295 991.
492 4229 689 4316 appellantur
706 4232 900 4315 μελιττίιὶαι,
921 4230 1278 4298 Zuolrerso‘hnohen.
