2859 4909
254 394 297 461 68
657 404 875 471 ·EQUITES.

255 547 318 614 nisi
335 547 495 634 praeferas
513 545 592 612 haec
605 568 662 633 per
675 546 952 634 interrogationem
971 548 1092 627 efferre,
1113 543 1303 638 ἀφεψήσας

238 646 292 719 'o’
309 648 391 738 ἐμός
413 674 454 716 aa
472 652 555 738 quod
571 662 598 716 te
614 653 715 716 νιεοιιί
724 648 739 715 ,9

357 847 363 856 -
700 810 750 868 Vs.
770 810 847 866 1346.

366 887 401 950 τί
417 881 499 970 urio·

366 989 463 1054 acuat
478 980 511 1069 μ’
527 983 643 1072 ἔδρων,
664 982 727 1071 ἐγὼ
746 985 782 1052 δὲ
798 982 887 1052 τοῦτ’
904 981 963 1053 οὐκ
979 982 1147 1076 pieridum

323 1107 397 1173 Non
415 1105 626 1172 contradicam
647 1104 831 1184 Dindorfio‚
854 1108 909 1193 qui
926 1107 1006 1174 haec
1023 1109 1067 1174 ita
1084 1108 1181 1173 edidit
1201 1116 1241 1174 ut
1261 1114 1302 1175 τί

260 1210 327 1301 φῄς
343 1220 433 1276 extra
449 1232 575 1275 versum
593 1210 732 1295 positum
751 1210 801 1276 sit.
833 1223 865 1277 at
882 1213 996 1277 mirum
1014 1222 1118 1276 tamen
1135 1206 1301 1299 ᾐσθόμην

257 1316 291 1381 in
313 1313 423 1401 paucis
444 1323 566 1378 tantum
583 1313 685 1396 iisque
702 1314 850 1399 pessimis
868 1314 956 1382 libris
979 1316 1129 1401 scriptum
1150 1314 1297 1401 reperiri,

258 1418 293 1484 in
309 1416 438 1502 reliquis
459 1427 565 1483 autem
588 1424 619 1480 et
646 1416 773 1502 optimis
795 1424 938 1486 RVPAO
964 1440 1021 1505 pro
1044 1440 1081 1483 eo
1102 1417 1167 1504 legi
1187 1412 1298 1505 ᾔδειν,

260 1521 346 1607 quod
363 1519 479 1586 indicio
497 1540 568 1584 esse
585 1518 710 1584 videtur
726 1530 852 1607 poetam
871 1522 1049 1608 scripsisse:

366 1626 463 1690 ταυτί
478 1616 511 1706 μ’
528 1619 645 1708 ἔδρων,
665 1619 729 1708 ἐγὼ
749 1618 828 1710 δέρμ’
846 1619 904 1690 οὐκ
921 1619 999 1713 ᾔδης
1016 1628 1051 1691 τί
1067 1621 1147 1712 φῄς;

702 1791 752 1847 Vs.
771 1793 848 1848 1350.

304 1895 320 1919 ti

303 1922 322 1965 ο
340 1897 400 1981 μὲν
417 1902 596 1964 ποιεῖσθαι
613 1903 693 1975 ναῦς
708 1897 849 1985 μακράς,
870 1894 888 1965 ὅ
908 1894 939 1965 δ’
958 1897 1067 1989 ἕτερος
1085 1888 1126 1965 αὗ

302 2004 643 2088 καταμισθοφορῆσαι
659 1997 768 2082 τοῦθ’,
793 1996 810 2068 ὁ
829 1998 886 2068 τὸν
903 1999 1030 2087 μισθὸν
1049 2004 1150 2088 λέγων
1170 2037 1213 2061 -.

322 2122 395 2188 Non
412 2120 597 2207 intelligitur
614 2142 678 2205 quo
695 2131 789 2207 pacto
806 2126 904 2188 τοῦτο
926 2122 959 2187 in
976 2145 1070 2189 versu
1088 2122 1186 2187 altero
1204 2143 1297 2186 com-

258 2224 352 2292 mode
370 2224 521 2310 explicari
538 2224 653 2310 possit3
671 2224 757 2309 quod
775 2225 857 2289 enim
870 2224 1058 2292 Dindorfius
1075 2225 1174 2291 voluit
1190 2230 1295 2291 τοῦτο

257 2327 424 2415 pecuniam
442 2327 506 2392 dici
523 2325 657 2393 navibus
674 2327 932 2413 impendendam,
954 2329 988 2394 id
1009 2351 1073 2414 quo
1090 2329 1157 2394 iure
1175 2328 1295 2393 dixerit

257 2432 403 2519 ignorare
421 2453 472 2496 me
490 2430 601 2497 fateor.
645 2428 741 2495 Adde
759 2430 845 2516 quod
858 2427 952 2498 τοῦδ’
968 2455 1030 2498 non
1044 2432 1106 2497 nisi
1118 2431 1152 2497 in
1165 2431 1234 2496 cod.
1244 2440 1291 2497 A.

257 2543 502 2621 repertumst,
529 2534 562 2598 in
583 2543 622 2599 B.
645 2545 751 2598 autem
778 2534 1030 2621 superscribitur.
1074 2536 1114 2599 In
1134 2547 1171 2600 Γ.
1194 2544 1226 2599 et
1247 2543 1292 2600 A.
1327 2562 1329 2565 ’
1420 2549 1421 2552 ’

257 2644 357 2705 τοῦτο
383 2633 419 2704 θ’
445 2637 596 2722 scriptum
622 2646 684 2714 est,
710 2636 744 2702 in
765 2636 846 2703 Rav.
875 2638 1009 2723 denique
1034 2638 1169 2705 τούτων.
1213 2636 1292 2703 Ηοσ

256 2741 335 2808 mihi
351 2740 467 2804 indicio
489 2761 560 2804 esse
582 2738 749 2805 videbatur
764 2762 821 2826 pro
839 2746 1178 2830 καταμισθοφορῆσαι
1198 2741 1294 2807 resti-

257 2843 410 2912 tuendum
433 2863 503 2906 esse
525 2848 847 2929 καταμισθοφορεῖν,
866 2846 952 2929 quod
973 2845 1067 2911 etiam
1084 2844 1197 2910 melius
1215 2853 1291 2930 post

258 2950 439 3015 ποιεῖσθαι
455 2943 589 3010 infertur
606 2967 701 3029 quam
719 2947 865 3025 aoristus,
884 2970 1075 3032 quamquam
1089 2947 1171 3013 hanc
1183 2947 1290 3035 legem

256 3049 377 3138 passim
394 3047 600 3135 neglexerunt
617 3059 739 3134 poetae.
780 3050 893 3134 Itaque
912 3050 1047 3116 scribere
1066 3074 1129 3117 non
1147 3050 1291 3117 dubitavi

257 3157 581 3241 καταμισθοφορεῖν,
609 3152 740 3219 τούτοιν
759 3148 776 3219 ὁ
794 3150 852 3219 τὸν
868 3150 995 3238 μισθὸν
1013 3155 1114 3240 λέγων
1142 3192 1185 3202 -
1211 3154 1292 3219 Fre·

257 3257 366 3344 quenti
383 3276 486 3322 errore
509 3254 616 3322 aoristi
639 3265 670 3320 et
687 3256 861 3342 praesentis
879 3257 1049 3324 infinitivos
1067 3257 1149 3323 inter
1166 3280 1202 3324 se
1219 3281 1294 3345 per-

133 3399 137 3404 ·
255 3360 382 3428 misceri
399 3360 556 3425 neminem
573 3359 666 3449 fugit.
780 3385 786 3395 ,

698 3518 749 3575 Vs.
769 3520 845 3574 1373.

319 3738 361 3796 A.
384 3732 452 3801 ποῦ
472 3728 554 3815 δῆτα
570 3729 775 3815 Κλεισθένης
793 3723 952 3815 ἀγοράσει
968 3731 1024 3795 καὶ
1042 3730 1214 3817 Στράτωνς

321 3839 358 3897 Δ.
381 3827 424 3897 τὰ
440 3830 597 3919 μειράκια
613 3833 710 3897 ταυτὶ
726 3833 809 3917 λέγω
828 3827 888 3897 τᾶν
905 3837 952 3918 τῷ
969 3831 1075 3920 μύρῳ,

381 3931 402 3997 ἃ
423 3935 643 4016 στωμυλεῖται
661 3934 770 3999 τοιαδὶ
789 3933 971 4022 καθήμενα.

318 4052 420 4119 Vides
440 4053 550 4137 opinor
567 4053 707 4118 Demum
726 4055 766 4120 ad
784 4078 835 4134 ea,
859 4077 940 4139 quae
958 4054 1167 4143 Agoracritus
1187 4078 1228 4121 ex
1251 4081 1293 4123 eo

255 4155 432 4223 sciscitatus
443 4165 518 4233 erat,
537 4156 581 4219 ita
593 4156 794 4241 respondere,
813 4169 848 4222 ut
859 4157 1055 4224 Clisthenem
1064 4169 1096 4223 et
1105 4155 1292 4234 Stratonem

253 4281 295 4325 ex
311 4256 500 4336 imberbium
518 4280 649 4324 numero
667 4255 812 4347 excipere
829 4262 986 4340 videatur,
1005 4262 1091 4346 quod
1109 4285 1180 4329 cum
1199 4287 1292 4351 pror-
