2859 4909
650 397 947 456 LYSISTRATA.

733 536 783 592 Vs.
802 536 862 591 951.

759 636 828 708 ἀλλ’
844 635 939 721 ὅπως
957 630 985 707 ὦ
1004 643 1143 729 φίλτατε

361 743 508 825 σπονδὰς
525 750 706 814 ποιεῖσθαι
723 755 857 833 ψηφιεῖ.
902 752 990 812 ΚΙΝ.
1011 744 1251 830 βουλεύσομαι.

350 867 470 934 Parum
491 876 564 954 apte
587 862 736 933 Cinesias
757 886 861 951 neque
886 864 929 932 ad
954 866 1121 935 consilium
1148 888 1247 933 suum
1277 887 1334 936 ace

288 970 484 1040 commodate
503 991 538 1038 ee
561 968 657 1036 eade
673 990 708 1035 re
731 966 977 1035 deliberaturum
998 970 1169 1057 respondet
1185 969 1332 1035 mulieri.

290 1072 500 1142 Scribendum
536 1072 660 1140 videtur
692 1070 912 1159 βουλήσομαι.
975 1071 1045 1139 cfr.
1081 1072 1123 1139 ad
1157 1071 1334 1159 Oedipum

290 1177 361 1247 Col.
389 1176 484 1245 1289.
537 1177 589 1242 Ac
619 1175 755 1242 sonasse
787 1174 881 1242 etiam
913 1173 990 1242 Pac.
1018 1176 1092 1242 231.
1122 1174 1333 1264 βουλήσεται

290 1281 491 1349 scribendum
509 1289 568 1347 est.

741 1413 790 1469 Vs.
810 1413 870 1469 959.

548 1515 582 1585 έν
600 1518 697 1606 δεινῷ
714 1512 742 1605 y'
759 1508 786 1585 ὦ
806 1517 943 1607 δύστηνε
960 1525 1047 1609 κακῷ

546 1626 649 1709 τείρει
666 1620 775 1709 ψυχήν
794 1660 836 1673 -

353 1743 426 1811 Non
460 1752 543 1810 recte
578 1742 699 1809 dictum
735 1764 807 1810 esse
837 1740 871 1811 έν
902 1741 998 1832 δεινῷ
1031 1748 1119 1833 κακῷ
1151 1748 1334 1833 τείρεσθαι

290 1846 511 1915 animadvertit
528 1844 680 1924 Cebetas,
698 1844 755 1929 qui
772 1834 792 1934 ἦ
811 1846 937 1934 scripsit
951 1868 1011 1933 pro
1028 1844 1071 1916 έν.
1113 1845 1333 1915 Scribendum

291 1950 396 2039 potius
415 1959 481 2016 erat
499 1945 531 2016 ἓν
551 1948 647 2037 δεινῷ
664 1943 692 2036 χ’
709 1943 755 2015 ὢν
774 1947 910 2036 δύστηνε
927 1954 1026 2038 κακῷ.

742 2100 792 2156 Vs.
811 2101 871 2157 962.

506 2218 606 2285 ποῖος
622 2202 684 2293 γὰρ
703 2201 743 2272 δν
761 2201 783 2294 ἢ
800 2211 921 2295 νέφρος
938 2202 1095 2291 ύντίσχοι,

507 2314 591 2378 ποία
608 2308 713 2397 ψυχή,
733 2321 831 2377 ποῖοι
848 2306 879 2378 δ’
897 2305 1013 2396 ὄρχεις.

356 2432 446 2500 Ferri
470 2452 534 2498 nen
560 2440 666 2518 potest
691 2430 882 2497 disiunctiva
907 2430 1062 2519 particula
1093 2440 1165 2499 ante
1193 2433 1330 2519 νέφρος,

291 2537 379 2625 quod
412 2536 466 2622 qui
500 2533 654 2601 intellexit
687 2532 874 2601 Dindorfius
913 2534 1053 2602 ediderat
1087 2545 1187 2613 ποῖος
1222 2529 1257 2600 δ’
1289 2530 1331 2601 ἂν

291 2647 425 2731 νέφρος,
461 2639 495 2704 in
525 2625 726 2704 adnotatione
749 2647 862 2702 ‘tamen
893 2638 934 2704 ad
966 2637 1128 2725 vulgatam
1157 2636 1330 2705 lectionem

291 2744 393 2811 rediit.
439 2741 577 2808 Codices
598 2739 677 2805 nihil
698 2739 835 2819 variant,
862 2740 924 2807 nisi
948 2740 1035 2826 quod
1056 2740 1154 2808 Voss.
1177 2751 1211 2806 et
1233 2751 1268 2809 Δ
1290 2735 1330 2807 ἄν

291 2847 449 2920 omittunt
493 2844 582 2914 Dum
608 2842 739 2909 meliora
764 2844 971 2931 reperientur,
999 2844 1112 2932 scripsi
1138 2854 1239 2922 ποῖος
1265 2839 1329 2931 γὰρ

291 2945 338 3020 ἔτ’
364 2946 404 3016 ἂν
429 2952 562 3037 νέφρος,
595 2946 756 3034 Bergkius
788 2948 887 3013 edidit
913 2959 1013 3028 ποῖος
1042 2943 1104 3035 γὰρ
1134 2951 1261 3036 νέφρος
1289 2941 1329 3013 ἂν

292 3050 454 3136 ἀντίσχοι,
478 3051 580 3140 primu
601 3050 636 3116 in
656 3054 777 3138 νέφρος
800 3060 909 3118 contra
934 3073 1029 3117 usum
1050 3049 1216 3137 producta.
1261 3049 1329 3116 Pro

293 3156 380 3244 ψυχή
407 3155 611 3224 Hamakerus
642 3163 673 3219 et
704 3153 767 3219 iam
795 3162 868 3218 ante
899 3152 985 3219 hunc
1014 3153 1196 3221 Brunckius
1223 3149 1327 3240 ψωλή

291 3261 499 3349 scripserunt,
537 3256 768 3324 facetissimum
805 3267 918 3344 poetae
954 3257 1060 3323 lusum
1094 3256 1223 3325 inficeta
1258 3280 1329 3326 eor.

289 3362 484 3432 rectiuncula
500 3360 718 3428 obscurantes.

741 3510 791 3566 Vs.
809 3511 870 3565 970.

483 3616 531 3703 μὰ
548 3613 603 3686 Δί’
619 3613 703 3685 ἀλλὰ
722 3617 802 3704 φίλη
820 3616 875 3682 καὶ
893 3616 1110 3702 παγγλυκερά.

483 3728 569 3789 ποία
585 3719 743 3808 χλυκερά;
764 3715 870 3807 μιαρὰ
886 3716 994 3807 μιαρὰ

484 3819 551 3912 δῆτ’
568 3813 595 3889 ὦ
613 3828 676 3891 Ζεῦ
696 3812 724 3888 d
742 3826 816 3890 Ζεῦ.

464 3923 550 4008 Δεἴθ’
568 3922 669 4014 αὐτὴν
687 3920 802 4013 ὥσπερ
820 3921 897 4004 τοὺς
915 3924 1055 4010 δεσμούς
1072 3960 1115 3974 -

354 4045 497 4112 Primum
531 4045 645 4112 horum
678 4067 830 4112 versuum
858 4043 956 4132 vulgo
988 4044 1137 4112 Cinesiae
1168 4045 1327 4114 tributum

288 4148 428 4237 Bergkio
445 4158 615 4233 praeeunte
632 4146 799 4214 mulierum
821 4149 916 4215 choro
938 4148 1066 4215 attribui
1083 4169 1215 4215 causam
1232 4148 1328 4238 Myr·

288 4255 397 4321 rhinae
429 4250 610 4317 defendenti
640 4259 672 4316 et
701 4249 777 4318 viris
804 4248 1018 4337 respondenti.
1064 4248 1241 4337 Sequentia
1267 4253 1325 4320 ad·
