2859 4909
349 393 867 453 THESMOPHORIAZUSAE.
1067 388 1129 453 149

546 533 597 589 Vs.
615 535 675 589 161.

254 635 381 722 Ἴβυκος
399 636 520 717 ἐκεῖνος
537 634 723 725 κάνακρέων
742 638 759 707 ὅ
783 640 882 730 Τήιος

261 738 411 824 κᾶχαιός,
433 742 469 807 οἵ
483 767 547 828 περ
566 739 726 829 ἁρμονίαν
744 741 909 828 ἐχύμισαν,

262 843 504 932 ἐμιτροφόρουν
521 871 557 913 τε
575 843 737 929 κόχλίόων
756 846 905 926 ίιονικιῦς.

68 953 76 1024 J
151 950 272 1015 Infelix
299 950 525 1036 Aristophanis
554 950 704 1037 Byzantii
735 951 916 1017 coniectura
947 965 996 1019 est
1032 977 1126 1022 versu

94 1055 228 1120 secundo
260 1052 417 1119 Alcaeum
448 1075 506 1140 pro
531 1052 664 1119 Achaeo
694 1054 870 1121 inferentis.
925 1055 1012 1138 Quid
1042 1060 1126 1124 enim

94 1159 189 1246 magis
213 1158 353 1223 alienum
375 1156 416 1222 ab
435 1156 571 1237 Alcaeo,
596 1156 687 1222 fortis
710 1166 742 1222 et
763 1156 906 1223 bellicosi
928 1160 1025 1224 animi
1046 1162 1124 1241 viro,

93 1285 181 1348 quam
204 1272 423 1349 μιτροφορεῖν
447 1271 478 1325 et
499 1253 754 1325 muliercularum
772 1283 859 1325 more
878 1284 913 1326 se
930 1264 1059 1349 gerere?
1094 1276 1126 1330 et

93 1390 147 1451 quo
164 1367 235 1431 iure
253 1366 281 1429 is
297 1370 438 1447 χυμίσαι
455 1362 651 1428 harmoniam
668 1364 690 1428 i.
709 1386 738 1429 e.
755 1365 913 1449 χλοκᾶναι
930 1365 993 1431 dici
1010 1368 1122 1453 potuit,

94 1494 180 1555 quem
212 1468 365 1535 masculis
396 1477 428 1532 et
458 1466 593 1532 fortibus
620 1467 760 1533 numeris
787 1490 882 1532 usum
909 1491 981 1534 esse
1008 1468 1058 1535 vel
1085 1494 1124 1536 ex

93 1575 195 1660 paucis
226 1594 309 1657 quac
342 1582 512 1657 supersunt
541 1570 610 1636 cius
636 1570 777 1656 reliquiis
804 1570 999 1657 intelligitur.
1052 1573 1124 1640 Has

94 1678 128 1743 ob
153 1700 269 1743 causas
297 1675 459 1759 antiquam
487 1674 673 1759 scripturam
699 1668 837 1755 κᾶχαιός
863 1678 944 1755 (non
964 1672 1123 1759 κᾶχαῖος),

93 1779 290 1864 quantumvis
312 1787 502 1863 corruptam,
524 1777 736 1843 revocandam
757 1777 880 1863 putavi,
904 1779 938 1844 in
960 1801 1025 1864 qua
1047 1782 1124 1866 quid

94 1883 222 1949 nominis
254 1883 352 1947 lateat
382 1881 517 1946 fortasse
548 1880 618 1945 aliis
650 1902 759 1945 eruere
786 1880 957 1968 continget.
1010 1883 1123 1970 Neque

94 1989 167 2052 enim
195 1986 275 2053 satis
302 1985 407 2071 placet
433 1984 519 2068 quod
544 1984 614 2069 ipse
640 1982 811 2067 aliquando
842 1985 1038 2051 conieceram
1068 1990 1125 2053 καὶ

93 2097 212 2169 Λᾶσος,
242 2087 388 2174 quamvis
414 2096 496 2154 ΚΑΙ
516 2093 662 2154 AACOC
682 2087 776 2152 facile
802 2087 836 2151 in
862 2096 944 2155 ΚΑΙ
961 2095 1129 2156 AXAIOO

93 2194 245 2281 corrumpi
261 2192 374 2279 potuit.
409 2191 534 2255 Lasum
552 2190 810 2256 commemoravit
827 2200 945 2255 etcum
960 2189 1124 2258 Simonide

94 2297 264 2384 composuit
285 2293 517 2380 Aristophanes
535 2292 635 2379 Vesp.
656 2293 751 2359 1410.
795 2293 852 2359 Ad
874 2290 1029 2377 ἐχύμισαν
1051 2318 1124 2381 per-

15 2433 16 2444 *
41 2406 43 2410 '
93 2401 161 2466 tinet
181 2400 295 2487 glossa
312 2396 469 2483 Hesychii
482 2392 670 2479 Ἔχύμισαν·
697 2390 851 2483 ἤρτυσαν.
897 2396 1005 2461 Tertio
1027 2421 1124 2464 versu

94 2504 210 2570 codices
229 2502 350 2567 habent
367 2502 421 2566 καὶ
441 2500 601 2580 διεκίνιυν,
628 2498 746 2566 Suidas
765 2499 1011 2581 auidissimus,
1036 2501 1123 2587 quod

93 2608 140 2672 καὶ
167 2600 336 2673 διεκλῶντ’
366 2604 491 2689 scripsit
517 2603 677 2689 Toupim,
713 2627 734 2669 a
759 2603 918 2690 plerisque
944 2609 1121 2691 probatum.

94 2709 162 2776 Tale
188 2709 267 2795 quid
296 2708 323 2774 si
348 2707 410 2772 hoc
436 2707 507 2773 loco
532 2707 756 2791 requireretur,
784 2718 914 2792 possent
941 2708 1035 2774 etiam
1062 2709 1125 2774 alia

93 2814 192 2893 conici,
212 2836 241 2878 e.
257 2835 285 2878 c.
300 2808 540 2897 ἐμιτροφόρουν
554 2808 745 2894 διεκνησίιυν
758 2805 797 2890 τ’,
817 2810 869 2876 vel
883 2808 1123 2902 ἐμιτροφόρουν
1184 2844 1185 2847 “

15 2921 16 2998 j
93 2911 280 3003 κᾶκνησίων,
317 2913 367 2979 cll.
399 2912 524 2979 Eccles.
556 2913 631 2979 919.
662 2909 720 2979 τὸν
751 2907 813 2979 ἅττ’
843 2908 967 2994 Ἰωνίας
997 2915 1123 3001 τρόπον

15 3053 16 3102 r
93 3019 223 3086 τάλαινα
237 3023 373 3105 κνησιᾷς
386 3027 417 3082 et
430 3016 571 3081 Anaxila
584 3016 669 3102 apud
683 3014 886 3082 Athenaeum
901 3018 965 3085 111.
980 3042 1010 3106 p.
1027 3020 1079 3086 95.
1090 3020 1121 3087 b.

15 3117 16 3192 f
94 3120 191 3190 δεινόν
216 3122 278 3206 μὲν
303 3118 366 3207 γὰρ
394 3114 505 3202 ἐχονθ’
534 3114 593 3197 ὑὸς
623 3118 752 3206 ῥύγχος,
790 3108 818 3184 ὦ
849 3122 941 3207 φίλε,
977 3129 1121 3211 κνησιᾷν.

94 3222 141 3291 Sic
166 3227 252 3292 enim
280 3223 492 3289 scribendum.
536 3220 710 3287 Enimvero
737 3245 801 3287 non
826 3222 860 3288 id
887 3224 954 3309 agit
980 3223 1121 3312 Agatho,

15 3307 33 3382 ί.
93 3339 123 3392 ut
142 3353 160 3394 a
183 3329 368 3395 deliciarum
386 3337 417 3392 et
434 3348 588 3393 venereae
605 3325 777 3411 voluptatis
795 3325 925 3392 crimine
943 3350 979 3392 sc
995 3338 1121 3414 purget,

15 3423 16 3484 l
93 3432 143 3496 scd
164 3444 199 3497 ut
221 3430 372 3497 vestitum
394 3428 522 3494 mollem
544 3439 576 3493 ct
592 3427 791 3494 luxuriosum
810 3441 949 3495 excuset.
993 3429 1123 3496 Docent

15 3617 16 3624 ρ
92 3531 145 3598 hoc
166 3556 249 3619 quae
270 3533 359 3599 initio
382 3555 413 3597 v.
434 3531 507 3597 159.
530 3531 599 3616 ipse
621 3531 696 3595 dicit
719 3526 867 3615 όμουσόν
889 3530 961 3599 ἐστι
982 3529 1122 3620 ποιητὴν

95 3632 167 3703 ἰδεῖν
190 3632 322 3724 ἀχρεῖον
345 3630 424 3702 όντα
446 3636 503 3700 καὶ
525 3634 641 3712 δασύν,
669 3632 744 3699 item
767 3635 873 3722 ipsum
894 3635 973 3700 illud
992 3633 1123 3725 ἐμιτρο-

15 3757 16 3760 ’
94 3739 224 3826 φόρουν,
262 3751 294 3807 et
324 3761 406 3823 quae
434 3737 539 3803 statim
566 3737 606 3802 de
632 3736 816 3823 Phrynicho
842 3738 989 3804 dicuntur
1014 3741 1124 3820 καλῶς

93 3835 279 3925 ἠμπίσχετο.
333 3842 468 3907 Rectam
508 3839 696 3905 emendandi
736 3840 821 3905 viam
856 3843 1010 3910 institisse
1046 3855 1123 3931 puto

93 3942 310 4024 Fritzschium,
347 3945 403 4029 qui
435 3942 676 4031 ἐμιτροφόρουν
702 3944 759 4009 καὶ
785 3944 956 4027 όιεχλίόοιν
984 3948 1124 4014 scriben-

94 4046 162 4114 dum
188 4050 281 4129 vidit,
317 4073 337 4115 a
363 4070 427 4133 quo
452 4047 498 4113 ita
523 4046 654 4126 recessi,
692 4056 728 4111 ut
755 4058 880 4114 servata
905 4050 1061 4137 particula
1087 4076 1124 4117 τε

95 4154 295 4237 reposuerim,

275 4252 518 4344 ἐμιτροφόρουν
535 4278 572 4320 τε
589 4249 919 4337 septematrus.
