2859 4909
238 376 301 444 158
497 386 1010 445 runsuoruonmzusrn.

234 531 324 599 Dicit
345 532 428 597 enim
450 531 554 617 ipsam
574 530 742 617 pecuniam
765 530 797 594 vi
819 530 848 595 ei
866 529 1071 595 auferendam
1089 551 1176 607 esse,
1201 524 1281 595 ἀλλ’

234 630 464 723 ἀφαιρεῖσθαι
478 638 539 722 βίᾳ
555 631 598 700 τὰ
614 632 776 722 χρήματα.
820 632 874 698 Ex
887 655 951 718 quo
964 633 1106 718 mquitur
1118 632 1152 697 iu
1166 630 1282 699 verbis

234 737 298 804 illis
316 736 435 822 aliquid
452 737 557 804 inesse
575 759 639 821 quo
657 759 728 802 eam
747 736 859 801 merito
876 736 991 822 opibus
1009 735 1126 823 privari
1140 735 1280 802 dicatur.

235 838 309 907 Noli
326 840 423 928 igitur
439 839 583 907 dubitare
601 839 678 924 quin
694 840 807 905 vitium
824 839 888 905 alat
904 839 1008 917 locus,
1031 839 1090 917 ita,
1113 838 1176 905 nisi
1197 860 1282 905 con-

234 943 356 1011 iectura
372 943 463 1022 fallit,
481 943 576 1010 facile
593 942 776 1021 tollendum,
797 952 831 1008 ut
850 941 1018 1008 scribatur:

333 1042 418 1113 ἀλλὰ
435 1051 609 1135 κείρεσθαι
625 1050 685 1135 βίᾳ
701 1041 745 1112 τά
760 1040 897 1133 χρήματ’
914 1044 1071 1125 εἰπόντας
1087 1044 1179 1112 ταδί·

331 1146 409 1232 άξία
427 1156 505 1238 γοῦν
523 1146 555 1218 εἶ
571 1149 677 1217 πόκου
695 1154 837 1216 τεκοῦσα
853 1154 1006 1216 τοιοῦτον
1022 1148 1127 1215 τόκον.

234 1254 393 1320 Nimirum
418 1254 474 1339 qui
500 1253 615 1341 opib'us
641 1262 801 1319 exuuntur
830 1252 1002 1318 admodum
1028 1252 1144 1317 usitata
1169 1251 1279 1338 figura

234 1362 410 1446 κείρεσθαι
428 1356 585 1423 dicuutur.
620 1356 707 1422 Hinc
721 1356 870 1440 frequens
884 1356 980 1423 dictio
994 1356 1079 1443 apud
1093 1354 1277 1421 Homerum

234 1466 355 1550 κείρειν
371 1457 414 1527 τὰ
431 1460 591 1549 κτήματα,
609 1463 742 1547 disspero
758 1461 848 1536 bona,
867 1461 1027 1546 dissipare,
1045 1458 1132 1525 velut
1146 1455 1273 1544 Odyss.

129 1635 131 1640 ,
239 1565 294 1647 18,
329 1565 402 1631 144.
432 1564 582 1652 κτήματα
612 1568 774 1652 κείροντες
803 1563 859 1629 καί
889 1558 1101 1647 ἀτιμάζοντες
1132 1556 1273 1629 άκοιτιν.

235 1667 306 1735 Ost.
329 1667 527 1754 Hermippus
548 1667 690 1734 Pollucis
711 1665 776 1747 lX,
801 1666 853 1731 71.
882 1664 1046 1750 σύμβολον
1066 1669 1274 1752 κεκαρμένος.

235 1770 422 1856 Eademque
443 1770 545 1858 ligura
565 1771 704 1836 incertus
731 1769 871 1835 comicus
893 1768 1009 1835 tributa
1031 1768 1072 1835 ab
1094 1767 1275 1834 Athenien-

234 1874 319 1940 sium
342 1873 436 1940 sociis
459 1895 556 1940 verno
578 1883 720 1959 tempore
741 1871 909 1959 pendenda
930 1872 1009 1937 dixit
1026 1867 1136 1960 ἤρινον
1153 1870 1272 1940 πόκον.

236 1976 278 2043 V.
295 1976 424 2065 Fragm.
440 1976 532 2043 Com.
546 1975 606 2042 IV.
625 1999 657 2063 p.
672 1975 746 2042 637.
765 1986 797 2041 et
813 1975 983 2042 Dobraeus
998 1973 1084 2042 Adv.
1102 1976 1130 2041 Ι.
1149 1998 1180 2062 p.
1194 1974 1272 2041 593.

234 2079 363 2164 Quodsi
388 2080 449 2147 hoc
476 2080 553 2146 milri
579 2078 704 2145 dederis
731 2087 815 2146 recte
846 2080 1025 2145 restitutum
1052 2099 1123 2145 esse
1148 2078 1270 2158 πόκου,

232 2184 330 2249 etiam
359 2183 438 2249 illud
468 2182 554 2250 haud
588 2182 705 2249 invitus
741 2183 910 2261 concedes,
946 2205 1011 2247 non
1045 2181 1150 2249 minus
1184 2192 1273 2247 recte

234 2287 337 2373 primo
366 2309 461 2352 versu
493 2308 544 2353 me
573 2285 738 2372 scripsisse
766 2282 849 2352 ἀλλὰ
875 2289 1049 2375 κείρεσθαι
1073 2289 1146 2373 βίᾳ,
1183 2286 1274 2370 quod

234 2390 328 2455 facile
350 2390 467 2456 senties
489 2412 585 2475 quam
612 2388 746 2467 urbane,
773 2411 869 2474 quam
896 2389 1056 2476 eleganter
1082 2388 1199 2454 dictum
1227 2389 1273 2454 sit

232 2516 310 2580 prae
332 2491 482 2580 plumbeo
506 2486 573 2558 ἀλλ’
594 2488 798 2580 άφαιρεῖθαι
817 2497 887 2582 βίᾳ.
932 2491 984 2559 Ac
1009 2493 1096 2558 favet
1116 2491 1273 2576 quodam-

233 2596 329 2664 modo
346 2596 427 2663 Rav.
447 2596 602 2682 scriptura
620 2591 688 2662 ἀλλ’
707 2589 924 2683 άφερεῑσθαι.

683 2730 734 2787 Vs.
752 2730 813 2786 975.

404 2834 425 2924 ἡ
444 2841 531 2904 πάσι
547 2847 619 2914 τοῖς
634 2846 783 2926 χοροῖσιν
802 2833 956 2920 ἐμπαίζει
972 2860 1008 2902 τε
1026 2836 1081 2901 καὶ

404 2939 525 3028 κλῇδας
541 2939 648 3027 γάμου
668 2938 837 3028 φυλάττει.

296 3061 350 3127 Ι)ε
375 3060 498 3127 Iunone
524 3060 603 3126 haec
629 3060 777 3126 dicuntur
802 3059 960 3146 pronuba,
996 3082 1077 3145 quae
1108 3082 1173 3145 quo
1199 3057 1270 3126 iure

231 3163 404 3249 ἐμπαίζειν
430 3175 502 3243 τοῖς
527 3175 640 3252 χοροῖς
668 3164 689 3228 i.
718 3186 745 3229 e.
775 3164 907 3229 ludibrio
935 3164 1044 3229 ίιοόονι
1071 3164 1176 3229 οΙιονοε
1203 3163 1269 3229 dici

231 3268 334 3355 possit
348 3291 411 3333 nou
424 3267 619 3355 intelligitur.
663 3265 752 3332 Male
771 3268 856 3332 enim
868 3266 1030 3332 Kusterus
1043 3267 1269 3353 iuterpretatur

230 3372 346 3438 choreis
369 3374 501 3437 interest.
548 3367 670 3456 Scripsi
691 3369 789 3457 igitur
811 3381 944 3458 χοροῖσι
968 3369 1157 3455 συμπαίζει.
1202 3369 1269 3436 Ne·

229 3496 293 3559 que
318 3498 430 3541 sanum
451 3473 575 3540 videtur
597 3472 682 3558 quod
703 3472 817 3539 eodem
835 3474 973 3539 carmine
990 3473 1106 3561 legitur
1123 3496 1171 3539 vs.
1190 3469 1267 3539 981.

230 3576 340 3667 ἔξαιρε
358 3575 398 3662 δὴ
416 3575 605 3666 προθύμως
623 3574 743 3663 διπλῆν
758 3574 854 3664 χάριν
874 3581 1019 3664 χορείας,
1044 3577 1130 3662 quod
1152 3573 1269 3663 ἕξαρχε

229 3680 433 3748 scribendum
452 3681 605 3768 suspicor.

672 3816 722 3872 Vs.
741 3816 817 3871 1013.

661 3921 758 4008 δῆλον
777 3910 832 3988 οὖν
850 3916 936 3989 τοῦτ’
952 3916 1025 3989 ἔσθ’
1044 3916 1097 3989 ότι

393 4018 464 4109 ἥξει
480 4050 523 4108 με
541 4025 674 4092 σώσων·
694 4021 733 4092 οὐ
751 4022 813 4114 γὰρ
833 4019 873 4092 άν
891 4029 1092 4114 παρέπτετο.

296 4141 433 4210 Secutus
453 4169 524 4211 sum
542 4144 726 4211 Dobraeum
749 4145 794 4211 ita
811 4145 890 4211 haec
909 4144 1098 4212 scribentem
1115 4156 1151 4209 ut
1168 4145 1266 4224 edidi,

227 4247 300 4314 libri
323 4247 420 4333 δῆλον
443 4238 501 4316 οόν
523 4243 597 4315 ἔσθ’
613 4242 676 4315 ὅτι.
720 4249 843 4314 Lenius
866 4249 961 4315 fuerit
979 4249 1076 4337 δῆλον
1099 4237 1155 4315 οὖν
1174 4244 1268 4315 ἐστὶν
