2859 4909
612 1122 950 1201 VESPAE.

724 1360 774 1417 Vs.
791 1360 835 1415 21.

308 1479 346 1535 Ξ.
364 1471 440 1545 πῶς
457 1466 514 1553 di,-
550 1476 587 1534 Σ.
606 1477 745 1555 προερεῖ
760 1491 811 1546 τις
828 1479 918 1535 τοῖσι
936 1465 1125 1553 συμπόταις
1142 1468 1255 1554 λέγων,

309 1566 363 1639 ὅτι
379 1567 500 1638 ταοτδν
519 1566 552 1636 ἒν
568 1573 609 1657 νῇ
631 1564 658 1635 τ’
675 1564 842 1656 ἀπέβαλεν
859 1565 919 1637 κᾶν
938 1566 1065 1660 οὐρανῷ

308 1669 367 1741 κάν
383 1678 424 1761 τῇ
442 1670 595 1760 θαλάττῃ
614 1677 736 1762 θηρίον
753 1670 811 1762 τὴν
829 1669 970 1741 ἀσπίδα.

330 1794 370 1859 In
391 1793 441 1859 his
463 1804 602 1881 προερεῖ
622 1816 679 1880 pro
701 1805 873 1882 προσερεῖ,
898 1794 984 1879 quod
1006 1794 1093 1862 nullo
1113 1803 1206 1881 paeto
1223 1793 1305 1858 ferri

266 1907 387 1986 potest,
423 1894 624 1963 scribendum
650 1897 761 1984 putavi
786 1919 827 1963 ex
851 1896 893 1964 V.
921 1898 988 1964 sive
1014 1897 1048 1963 id
1073 1920 1146 1964 oum
1174 1895 1303 1962 Cobeto

266 2010 421 2087 προτενεί
441 1997 578 2065 scribere
600 1998 667 2065 sive
689 1999 752 2066 alio
778 2000 873 2067 modo
899 2000 1066 2067 emendare
1092 2000 1194 2067 malis.
1240 1996 1304 2065 Se-

265 2104 369 2169 cundo
388 2124 482 2169 versu
498 2101 703 2189 Hirsohigius
722 2113 753 2169 et
769 2103 939 2170 Richterus
957 2104 1111 2171 dederunt
1128 2109 1162 2170 τί
1177 2098 1302 2169 ταυτὸν

264 2202 391 2293 -την
418 2200 564 2287 άσπίδα,
599 2227 658 2271 neo
682 2206 834 2294 impedio,
870 2208 899 2275 si
928 2195 1091 2294 praeterea
1114 2202 1234 2273 ταυτὸν
1262 2201 1302 2271 δν

265 2308 385 2376 scribas
403 2308 609 2396 proruendo.

724 2470 777 2535 Ῡοζ
793 2479 836 2534 30.

392 2582 485 2664 ἔδοξέ
501 2609 562 2669 μοι
579 2585 659 2672 περὶ
676 2589 811 2670 πρῶτον
828 2578 931 2653 ὕπνον
950 2583 1039 2674 ἕκτῇ
1057 2586 1155 2653 πυκνί

393 2684 613 2774 ἕκκλησίαζειν
631 2686 788 2775 πρόβατα
807 2688 1051 2776 συγκαθήμενα.

328 2811 468 2892 Πρῶτος
482 2802 587 2886 ὕπνος
603 2817 755 2894 perpetuo
774 2831 834 2875 usu
848 2832 956 2875 eorum
970 2808 1083 2874 dieitur
1095 2807 1151 2894 qui
1164 2830 1300 2894 vespera

263 2911 405 2998 legitimo
427 2920 567 2997 tempore
588 2909 844 2977 obdormiverunt
850 2937 859 2991 3
882 2922 914 2978 nt
935 2911 988 2977 hio
1009 2911 1062 2999 agi
1083 2911 1123 2978 de
1145 2911 1300 2977 matutino

264 3027 391 3092 somno,
419 3013 533 3079 docent
559 3035 641 3098 quae
666 3014 707 3080 de
734 3014 884 3081 oonoione
911 3014 1028 3081 civium
1053 3014 1300 3081 Atheniensium

264 3118 424 3195 dicuntur,
446 3126 482 3181 ut
504 3117 647 3203 suspicer
668 3116 734 3182 fere
752 3126 878 3204 poetam
897 3119 1063 3206 scripsisse
1080 3119 1159 3204 περὶ
1180 3123 1298 3205 πρῷον

264 3215 381 3301 ὕπνον,
405 3242 469 3304 quo
488 3228 628 3306 tempore
650 3242 733 3306 quse
756 3221 877 3289 somnia
898 3221 1124 3289 dormientibus
1148 3221 1300 3288 obvenie-

263 3324 349 3403 bant,
368 3334 516 3389 eventum
533 3321 649 3389 habere
666 3322 868 3410 putabantur.
912 3325 1065 3391 Horatius
1082 3323 1185 3392 Serm.
1199 3325 1226 3403 I,
1244 3325 1296 3404 10,

263 3428 316 3494 32.
352 3426 498 3508 Quirinus
510 3438 584 3515 post
601 3428 734 3491 mediam
751 3440 866 3492 noctem
883 3433 974 3505 οιίιιο,
993 3452 1060 3493 rum
1077 3431 1197 3494 somnia
1213 3453 1297 3495 uera.

263 3530 417 3596 Moschus
436 3529 484 3595 Id.
504 3530 549 3608 ΙΙ,
568 3530 599 3595 2.
623 3526 742 3616 ἐγγύθι
764 3527 794 3597 δ’
816 3525 885 3617 ἠώς
903 3568 944 3580 -
963 3520 1036 3597 εὖτε
1056 3532 1112 3598 καί
1135 3526 1298 3621 άτρεκέων

263 3638 476 3717 ποιμαίνεται
495 3631 594 3713 ἔθνος
612 3628 757 3722 ὀνείρων.

710 3803 761 3860 Vs.
779 3803 839 3858 110.

413 3906 537 3996 ψήφων
556 3910 592 3976 δὲ
610 3910 723 3988 δείσας
739 3905 785 3996 μὴ
804 3908 941 3998 δεηθείη
960 3913 1052 3989 ποτέ,

411 4006 450 4076 ἵν’
466 4010 535 4094 ἔχοι
553 4013 703 4096 δικάζειν,
725 4009 875 4099 αἰγιαλὸν
894 4010 985 4079 ἔνδον
1001 4017 1127 4102 τρέφει.

325 4131 424 4211 Vere,
452 4133 577 4218 opinor,
603 4133 796 4221 Lentingius
827 4132 966 4214 δικάζων
993 4133 1195 4201 scribendum
1221 4156 1294 4201 esse

259 4234 422 4302 intellexit.
465 4234 590 4323 Lepide
613 4246 718 4302 nutem
742 4234 891 4324 uiysoidv
912 4239 1045 4326 τρέφειν
1068 4236 1160 4318 dixit,
1183 4259 1295 4323 quem-
