2859 4909
227 345 290 412 152
483 356 1000 415 THESMOPHORIAZUSAE.

223 499 361 567 ionicam
387 496 522 565 formum
550 509 716 565 servarunt
747 498 873 565 codices
902 498 936 565 in
962 497 1026 564 Av.
1054 499 1128 568 868.
1156 494 1264 582 ὄλυμ-

223 608 318 680 πὶοις
338 602 394 668 καὶ
416 596 599 689 ὀλυμπίῃσι
621 607 707 669 πᾶσι
730 604 786 667 καὶ
804 601 964 689 πάσῃσιν,
988 601 1043 674 ubi
1069 625 1134 667 non
1154 601 1263 667 imiter

223 705 428 772 Dindorfium
442 704 589 792 vulgares
608 705 727 771 formas
747 704 999 771 substituentem.
1035 704 1148 791 Itaque
1162 705 1262 770 etiam

223 808 257 874 in
280 808 619 895 Thesmophoriazusis
643 804 827 896 ὀλυμπίῃσι
852 807 1080 875 restituendum
1101 817 1193 895 puto,
1227 818 1262 874 et

226 912 260 977 in
279 910 483 997 sequentibus
501 917 649 999 πυθὶῃσι
667 922 698 978 et
718 912 858 999 δηλίῃσι.

677 1115 727 1170 Vs.
746 1115 806 1171 352.

522 1220 769 1304 ξυνευχόμεσθα
786 1223 882 1288 τέλεα
898 1220 957 1305 μὲν

521 1324 619 1391 πόλει
636 1324 732 1391 τέλεα
751 1324 787 1390 δὲ
806 1322 899 1411 δήμῳ

520 1424 595 1494 τάδ’
612 1423 759 1516 εὔγματα
775 1432 943 1516 γενέσθαι.

288 1531 432 1616 Tertium
458 1567 586 1613 versum
613 1548 712 1615 critici
739 1571 812 1615 cum
839 1547 964 1615 duobus
991 1549 1101 1635 primis
1123 1546 1266 1613 similem

222 1654 327 1718 fecere
349 1650 482 1729 vellent,
511 1651 564 1716 alii
585 1645 660 1718 τάδ’
686 1645 818 1738 εὸγματ’
844 1646 884 1718 ὅν
905 1656 1078 1738 γενέσθαι,
1106 1650 1159 1716 elii
1179 1647 1262 1717 τάδ’

223 1749 353 1841 εὸγματ’
371 1750 565 1838 ἐκγενέσθαι
582 1753 678 1820 sen'bi
695 1753 871 1821 voluerunt.
907 1753 1003 1820 Prius
1021 1754 1180 1821 soloeeum
1197 1765 1264 1831 est,

222 1856 299 1943 quid
322 1856 407 1922 enim
428 1855 490 1922 hun
512 1867 560 1922 est
577 1880 744 1944 precamur
769 1858 842 1924 baec
861 1870 932 1923 rata
947 1854 1044 1946 fore?
1069 1880 1133 1923 non
1154 1857 1264 1944 magis

222 1959 415 2048 ἐκγενέσθαι
441 1957 518 2025 ferri
542 1970 665 2046 potest3
701 1955 847 2047 εὔγματα
873 1961 958 2027 enim
983 1962 1080 2027 τέλεα
1105 1964 1263 2047 γίγνεται,

222 2088 287 2131 non
303 2065 399 2132 τέλεα
418 2060 605 2150 ἐκγίγνεεαι.
647 2062 754 2130 Credo
772 2075 879 2130 eutem
897 2087 960 2130 non
978 2063 1130 2130 iambicos
1148 2086 1266 2129 nume-

221 2192 275 2236 ros
298 2168 350 2235 hic
371 2166 584 2233 restituendos
608 2188 694 2246 esse,
724 2168 781 2233 sed
802 2167 937 2246 innieos,
964 2167 1074 2252 quales
1098 2166 1263 2252 sequentis

221 2295 334 2339 versus
353 2280 436 2337 sunt.
480 2269 592 2355 Itaque
611 2269 812 2337 scribendum
831 2271 955 2337 videtur
971 2268 1051 2337 τάδε
1068 2266 1096 2355 γ’
1113 2265 1264 2355 εὔγματα

221 2379 395 2462 γενέσθαι,
422 2374 455 2438 in
478 2395 542 2458 quo
563 2398 600 2461 γε
622 2373 654 2438 vi
677 2397 736 2440 suu
757 2397 823 2440 non
844 2383 943 2453 cnret3
973 2383 1005 2439 at
1030 2382 1136 2460 potest
1162 2373 1263 2439 etiam

221 2478 302 2545 τάδε
319 2473 484 2565 τεὸγμαυα
501 2482 674 2564 γενέσθαι,
699 2477 757 2543 sed
774 2477 955 2564 exemplum
972 2498 1035 2561 quo
1052 2476 1135 2543 hunc
1153 2476 1262 2542 cresin

224 2581 395 2647 defendam
411 2603 476 2646 non
493 2580 525 2645 in
543 2590 691 2667 promptu
709 2591 768 2646 est.

288 2681 380 2766 Quae
398 2694 572 2767 sequuntur
588 2685 621 2749 in
638 2682 728 2749 libris
746 2683 789 2749 ita
808 2683 925 2770 scripte
942 2693 1029 2749 sunt:

481 2782 524 2849 ιὰ
542 2780 573 2851 δ’
590 2781 704 2871 ἄρισθ’
722 2781 819 2866 ὅσαις
835 2785 996 2876 προσήκει

480 2892 570 2953 νικᾶν
588 2888 757 2974 λεγούσας,

223 3013 335 3070 sensu,
353 3000 507 3075 quantum
526 2990 626 3070 video,
645 2992 747 3072 nullo;
766 3003 850 3059 certe
868 2987 964 3071 ὅσαις
982 2989 1143 3081 προσήκει
1161 2991 1262 3079 signi-

220 3097 317 3161 ficare
335 3116 399 3158 non
416 3103 521 3179 potest
538 3095 624 3179 quod
641 3094 752 3160 volunt
770 3097 880 3182 quibus
898 3098 1061 3182 eontinqit5
1078 3117 1137 3180 pro
1151 3087 1259 3173 ὅσαις,

220 3220 304 3285 quae
322 3196 429 3263 nescio
447 3196 537 3263 euius
556 3197 736 3263 coniectura
754 3208 812 3276 est,
830 3196 903 3263 libri
922 3192 1014 3276 ὅσαι,
1034 3198 1118 3263 unde
1134 3197 1258 3264 conicio

223 3297 274 3370 b'n'
292 3297 332 3370 ἂν
350 3299 510 3388 προσήκῃ.

678 3470 728 3524 Vs.
745 3469 805 3524 363.

458 3570 654 3664 τάπόρρητά
672 3598 708 3640 ιε
725 3586 832 3641 σοῖσιν
851 3572 884 3641 ἐ-

455 3682 578 3764 χθροῖς
594 3689 666 3756 τοῖς
683 3673 854 3764 ἡμετέροις
872 3673 1010 3764 λέγουσ’,

458 3775 479 3867 ἢ
497 3778 631 3867 Μήδους
650 3777 813 3865 ἐπάγουσι
829 3784 887 3867 τῆς

459 3882 570 3971 χώρας
589 3877 689 3948 οὸνεκ’
707 3880 765 3948 ἐπὶ
781 3881 899 3971 βλάβῃ.

220 4001 325 4079 Medi,
359 4002 387 4066 si
414 4001 491 4086 quid
517 4003 623 4082 video,
656 4002 707 4068 hie
739 4002 934 4092 ineptissime
962 4016 1263 4097 commemorantur,

221 4126 325 4189 neque
343 4104 508 4188 sequentia
524 4104 589 4171 ullo
606 4105 702 4171 modo
720 4104 852 4191 intelligi
870 4116 1023 4191 possunt...
1060 4107 1173 4193 Itaque
1192 4119 1266 4175 ten-

219 4206 327 4275 tabam
344 4206 433 4272 olim:
1021 4201 1023 4214 '
