2859 4909
644 357 1019 418 ECCLESIAZUSAE.

764 498 814 554 Vs.
833 499 893 555 282.

565 652 568 656 ‹
635 599 720 671 ἀλλὰ
737 599 905 696 σπεύσαθ’
922 598 969 683 ὥς
986 598 1081 671 εἵαθ’
1097 601 1164 670 ἐκεῖ

454 719 526 788 τοῖς
541 705 588 795 μὴ
605 713 770 796 παροῦσιν
787 702 942 797 ὀρθρίοις
960 704 994 787 ές
1010 702 1067 795 τὴν
1085 706 1192 774 πύκνα

453 805 697 900 ὑπαποτρέχειν
715 809 828 894 έχουσι
845 810 930 898 μηδὲ
947 810 1125 878 πάτταλον.

372 931 466 999 Hnec
492 932 547 1017 qui
573 931 642 999 lieri
667 931 805 1020 potuerit
830 943 866 997 ut
886 931 986 998 critici
1006 952 1047 997 ne
1068 928 1337 997 animadversione

307 1036 438 1123 quidem
451 1035 550 1123 digus
561 1035 710 1124 putarint,
728 1058 793 1102 non
802 1034 973 1123 perspici03
991 1033 1031 1100 de
1046 1034 1202 1100 sententia
1215 1031 1337 1119 quidem

308 1138 396 1206 nulls
413 1161 484 1206 esse
500 1148 607 1228 potest
623 1138 792 1219 dubitatio,
810 1150 843 1204 nt
860 1139 893 1204 in
910 1136 1016 1205 verbis
1034 1137 1122 1204 nulls
1139 1136 1336 1212 constructio,
1409 1223 1410 1230 ῃ

308 1243 371 1310 nisi
392 1243 464 1329 quis
486 1242 600 1311 docere
622 1243 777 1309 sustineat
799 1241 904 1309 ε’ίωθε
929 1263 988 1329 pro
1015 1239 1097 1320 ίθος
1123 1237 1196 1308 toul
1222 1239 1285 1305 dici
1309 1249 1337 1303 et

306 1367 383 1412 cum
404 1346 497 1413 tertio
518 1368 596 1413 casu
618 1345 768 1435 coniungi
789 1366 899 1433 posse3
926 1355 1018 1410 etue
1042 1342 1240 1430 sicquidem
1265 1342 1338 1408 hseu
1409 1365 1410 1428 j

308 1460 395 1517 recte
416 1449 501 1517 dicta
521 1458 643 1529 essent,
669 1459 706 1533 ut
727 1449 768 1516 de
789 1445 1031 1535 ὑπαποτρέχειν
1057 1456 1194 1525 taceam,
1221 1447 1255 1512 in
1280 1466 1377 1540 quo-¹
1409 1487 1410 1538 i

306 1574 391 1640 quse
417 1553 467 1621 vis
494 1575 565 1621 esse
590 1552 693 1641 possit
714 1551 956 1641 praepositionis
978 1547 1060 1631 ὑπό,
1089 1572 1150 1639 ego
1171 1558 1258 1639 certe
1279 1570 1337 1614 non

307 1655 462 1743 intelligo.
506 1657 616 1723 Locus
644 1656 712 1722 sine
739 1654 837 1722 dubio
862 1654 1050 1742 gravissime
1075 1654 1268 1740 depravatus
1293 1661 1337 1718 est

308 1780 369 1826 nec
386 1758 447 1824 nisi
464 1757 539 1826 forti
555 1759 696 1826 remedio
714 1758 887 1825 sanandus.
932 1757 1110 1824 Tentnbam
1127 1756 1290 1842 equidem:
1409 1761 1410 1852 l

632 1857 716 1928 ἀλλὰ
735 1857 902 1929 σπεύσαθ’
919 1856 964 1940 ὥς
983 1858 1054 1928 οἷόν
1070 1856 1110 1941 τ’,
1130 1859 1205 1928 ἐπεὶ

453 1976 526 2045 τοῖς
541 1962 587 2052 μὴ
607 1969 772 2053 παροῦσιν
789 1961 944 2053 ὀρθρίοις
962 1961 995 2045 ές
1011 1961 1068 2051 τὴν
1086 1963 1193 2031 πύκνα

456 2065 520 2140 ἔστ’
537 2063 730 2156 ἀποτρέχειν
748 2066 860 2152 έχουσι
877 2068 961 2156 μηδέ
977 2067 1156 2135 πάτταλον.

307 2172 382 2240 Non
403 2171 547 2241 dubitavi
567 2171 647 2239 hoec
667 2172 700 2237 in
722 2172 891 2239 verborum
913 2171 1055 2239 ordinem
1077 2171 1232 2258 recipere,
1258 2168 1338 2255 quod

307 2277 365 2364 qui
391 2278 475 2344 iusto
501 2275 652 2343 audacius
680 2274 800 2341 factum
826 2297 898 2342 esse
924 2273 1126 2351 dictitabunt,
1153 2274 1176 2338 ii
1203 2273 1338 2362 cogitent

308 2380 414 2460 velim,
433 2380 546 2447 melius
564 2401 636 2446 esse
652 2378 718 2466 legi
734 2400 773 2446 ea
789 2401 871 2465 quae
889 2376 1092 2465 probabiliter
1110 2376 1239 2464 scripsit
1249 2385 1337 2464 poeta
1409 2367 1410 2440 l

307 2504 405 2569 quam
436 2506 474 2551 ea
504 2504 586 2569 quae
617 2492 702 2549 certo
729 2504 793 2548 uon
820 2482 955 2569 scripsit.
1000 2479 1104 2547 Video
1130 2502 1218 2547 nunc
1243 2501 1336 2545 unum

309 2584 486 2673 Bergkium
503 2586 543 2653 de
560 2586 741 2674 integritate
759 2585 821 2652 loci
837 2583 1015 2662 dubitasse,
1038 2584 1093 2670 qui
1110 2582 1217 2651 εἴωθε
1235 2582 1336 2650 certis·
1409 2611 1410 2672 ρ

309 2689 388 2755 sime
411 2701 607 2775 corruptum,
629 2712 687 2776 pro
709 2685 952 2776 ὑπαποτρέχειν
974 2695 1080 2754 autem
1101 2686 1240 2753 fortasse
1263 2680 1333 2753 ὥστ’

306 2785 502 2879 ἀποτρέχειν
519 2792 736 2878 reponendum
754 2813 825 2858 esse
843 2790 1009 2860 monuerit.

760 2962 811 3018 Vs.
829 2960 890 3017 285.

866 3070 965 3133 τοῦτο
983 3062 1045 3152 γὰρ
1062 3061 1121 3151 χρὴ

392 3174 598 3257 μεμνημένας
615 3166 669 3237 ἀεὶ
685 3171 804 3256 λέγειν,
824 3164 870 3247 ὥς
886 3164 1009 3256 μήποτ’
1027 3166 1183 3256 ἐξολίσθῃ

393 3268 494 3360 ἡμᾶς·
513 3268 531 3340 ὃ
550 3273 697 3353 κίνδυνος
713 3269 777 3359 γὰρ
797 3267 869 3355 οὐχὶ
886 3270 1017 3359 μικρός,
1036 3267 1074 3359 ἢν
1093 3267 1234 3356 ἁλῶμεν.

371 3395 412 3460 ln
431 3394 570 3462 seeundo
588 3416 682 3460 versu
698 3417 757 3481 pro
776 3389 822 3472 ὥς
835 3392 972 3459 fortasse
985 3391 1040 3459 ἵνα
1053 3391 1255 3458 scribendum
1269 3410 1336 3457 esse
1409 3371 1410 3388 ί

304 3497 444 3564 indicavi
460 3498 494 3563 in
511 3497 712 3565 adnotatione
731 3497 852 3575 oriticn3
880 3496 1045 3562 verissime
1062 3495 1147 3561 enim
1164 3493 1335 3560 Elmsleius

304 3599 414 3667 docuit
431 3596 477 3680 ὥς
493 3601 588 3668 finale
600 3600 686 3688 apud
700 3599 950 3686 Aristophanem
967 3622 1040 3664 cum
1058 3597 1258 3664 coniunctivo
1275 3619 1336 3663 nou

305 3704 435 3791 reperiri
461 3705 523 3770 nisi
553 3704 661 3771 addita
687 3699 727 3771 ἄν
753 3703 916 3791 particula.
969 3702 1114 3768 Eandem
1141 3700 1182 3768 ob
1209 3722 1336 3767 causum

306 3805 476 3874 Dobraeus
502 3805 548 3897 μὴ
575 3811 631 3874 καί
656 3803 731 3874 ποτ’
753 3805 910 3893 ἐξολίσθῃ
938 3805 1084 3884 coniecit,
1111 3803 1256 3870 Emsleio
1283 3803 1335 3868 καὶ

304 3906 427 3995 μήποτ’
444 3908 602 3998 ἐξολίσθῃ
615 3910 822 3998 praeferente.
866 3910 1027 3978 Vitiosum
1039 3908 1116 3973 item
1129 3929 1201 3975 esse
1214 3906 1335 3973 videtur

306 4007 400 4100 ἡμᾶς,
420 4013 507 4098 quod
523 4036 561 4079 co
578 4014 648 4080 loco
667 4014 807 4099 positum
825 4023 882 4106 est,
902 4035 965 4097 quo
985 4013 1052 4077 sine
1068 4010 1219 4098 singulari
1233 4009 1335 4094 aliqua

305 4116 338 4182 vi
355 4116 431 4202 poni
448 4140 511 4182 non
529 4126 642 4203 potest.
687 4117 824 4185 Videtur
840 4116 968 4204 gravius
987 4115 1076 4182 ulcus
1095 4114 1202 4192 latere,
1221 4134 1257 4179 ac
1275 4113 1335 4178 for·
1409 4109 1410 4162 ἶ

304 4233 391 4287 tasse
410 4220 536 4308 scripsit
552 4229 660 4307 poeta:
