2859 4909
325 370 387 438 108
778 376 901 434 Avus.

765 515 816 573 vs.
835 516 913 571 1081.

398 654 470 722 τοῖς
487 665 524 709 τε
540 645 731 727 κοψίχοισιν
750 636 783 718 ἐς
800 635 860 717 τὰς
878 640 971 727 ῥῖνας
989 634 1075 725 ἐγχεῖ
1090 635 1136 704 τὰ
1156 636 1275 724 πτερά.

385 763 497 848 Neque
515 761 681 828 articulum
693 756 736 827 τὰ
750 759 856 848 πτερά
871 760 947 826 satis
961 758 1103 847 intelligo
1118 780 1228 842 neque
1242 779 1357 844 pennae

320 890 386 953 quo
413 875 506 953 paeto
531 863 660 930 naribus
682 864 809 951 infundi
834 863 897 928 dici
923 862 1048 949 possint
1072 861 1247 949 perspicio.
1290 860 1357 925 Non

323 969 440 1037 sufficit
462 967 650 1035 scholiastae
672 966 886 1054 interpretatio
909 962 1108 1054 ἐμφαντικὸν
1126 969 1190 1031 τοῦ
1210 963 1357 1051 πλήθονς

319 1070 359 1139 τὸ
384 1070 479 1159 ἐγχεῖ.
523 1070 738 1159 Intelligerem
763 1070 869 1136 locum
897 1069 925 1134 si
951 1069 1103 1155 scriptum
1133 1076 1224 1134 esset
1251 1064 1284 1145 ἒς
1302 1061 1357 1144 τὰς

322 1176 415 1264 ῥῖνας
433 1172 561 1243 ίντιθεῖ
577 1174 695 1264 πτερά.

764 1360 813 1416 Vs.
833 1359 909 1415 1094.

602 1478 670 1549 ἄλλ’
688 1478 844 1572 ἀνθηρῶν
861 1480 1029 1566 λειμώνων

601 1585 735 1674 φύλλων
754 1584 787 1653 ἒν
804 1584 943 1663 κόλποις
962 1581 1088 1651 ἓνναίω.

389 1705 445 1773 Sic
474 1706 518 1785 R,
554 1730 619 1772 non
649 1710 748 1785 ναίω,
783 1705 869 1790 quod
898 1727 980 1770 unus
1014 1704 1043 1771 Ο
1073 1704 1196 1771 habere
1227 1702 1351 1769 videtur.

323 1809 488 1876 Bentleius
510 1810 667 1876 indicante
688 1809 830 1877 Velseno
852 1808 986 1875 coniecit
1013 1807 1148 1895 φύλλιον
1175 1804 1203 1874 τ’
1229 1804 1262 1873 ἐν
1287 1804 1355 1871 κόλ-

322 1938 403 1992 ποις
419 1917 518 1993 ναίω,
544 1923 577 1979 at
593 1913 701 1979 nescio
719 1913 775 1998 qui
793 1913 855 1977 sint
877 1911 1016 2001 φύλλων
1030 1911 1172 1994 κόλποι,
1199 1911 1310 1977 ferrem
1330 1906 1353 1971 si

323 2012 410 2082 ύλῶν
440 2012 472 2082 τ’
498 2013 531 2084 ἓν
556 2015 695 2095 κόλποις
721 2021 804 2083 ναίω
831 2015 1001 2103 legeretur,
1034 2018 1068 2080 in
1099 2019 1185 2082 cavis
1214 2014 1352 2080 σι’ίοσνιιινι

322 2122 495 2188 recessibus.

766 2287 816 2343 Vs.
836 2288 912 2344 1181.

494 2408 625 2500 κερχνῂς
642 2409 795 2498 τριόρχης
811 2406 882 2497 γὺψ
900 2408 1047 2495 κύμινδις
1065 2407 1173 2491 ἀετός.
1255 2465 1260 2470 .

389 2532 600 2600 Scribendum
633 2541 711 2617 puto
745 2535 910 2618 τρίορχος,
946 2554 1010 2617 qua
1043 2532 1147 2599 forma
1180 2535 1349 2597 constanter

323 2635 424 2703 Attici
454 2636 504 2701 usi
534 2658 604 2701 esse
636 2634 795 2713 videntur,
831 2633 886 2700 ubi
919 2634 959 2699 de
985 2627 1214 2701 avis'nomine
1245 2631 1346 2719 agitur.

323 2739 471 2805 Eandem
496 2738 627 2804 metrica
651 2737 704 2803 lex
730 2737 870 2823 postulat
895 2738 978 2803 infra
1004 2739 1098 2804 1206.
1126 2733 1348 2819 ἀναπτόμενος

324 2844 474 2927 τρίορχος
504 2838 562 2925 ἐμὲ
592 2840 820 2927 συλλήψεταις
861 2839 930 2905 Cfr.
959 2841 1070 2907 incerti
1101 2842 1217 2908 comici
1245 2855 1346 2904 versus

324 2944 411 3030 apud
432 2943 631 3029 Hesychium
653 2948 802 3032 Πτέρων·
826 2938 906 3011 Ἀλλ’
926 2939 948 3031 ἢ
969 2939 1161 3033 τρίορχοςῆ
1186 2929 1348 3030 πτέρωνῆ

325 3051 518 3135 στρουθίας.
567 3046 615 3112 At
640 3047 675 3111 in
700 3047 802 3133 Vesp.
830 3045 930 3114 1534,
957 3049 1059 3114 παισὶ
1084 3059 1156 3126 τοῖς
1182 3045 1345 3137 τριόρχοις,

325 3149 380 3217 ubi
392 3149 520 3217 Careini
536 3149 592 3215 filii
610 3148 692 3216 bene
708 3145 874 3215 mutoniati
892 3149 1042 3229 ridentur,
1061 3162 1203 3236 praestat
1221 3150 1347 3216 fortasse

322 3253 505 3343 τριόρχοις,
524 3253 670 3338 quamvis
687 3252 834 3319 meliores
851 3251 923 3319 libri
940 3253 1107 3342 τριόρχοις
1122 3253 1268 3321 habeant.
1408 3245 1409 3248 '

749 3456 819 3528 ‚Vs
839 3458 916 3512 1196.

573 3575 674 3666 ἄθρει
693 3578 729 3646 δὲ
747 3585 815 3659 πᾶς
831 3579 936 3668 κύκλῳ
957 3586 1099 3648 σκοπῶν.

389 3718 581 3784 Trimetrum
603 3726 639 3782 ut
660 3717 862 3783 restituerent
884 3718 982 3784 critici
1006 3718 1058 3783 alii
1080 3718 1166 3784 aliud
1188 3717 1344 3783 tentarunt,

322 3820 439 3905 quibus
453 3820 600 3886 omnibus
613 3819 821 3907 praeferenda
834 3830 883 3887 est
896 3821 1074 3888 Hermanni
1088 3822 1178 3899 ratio,
1196 3819 1249 3905 qui
1265 3810 1343 3881 initio

324 3945 434 3988 versus
459 3928 572 4008 σιγᾶτε
595 3920 656 4010 σῖγ’
678 3923 834 3989 excidisse
857 3926 965 3990 statuit
987 3935 1018 3990 et
1038 3935 1213 4011 praeterea,
1236 3931 1270 3987 ut
1285 3911 1345 3981 fien’

324 4024 405 4091 solet
426 4026 459 4090 in
481 4025 537 4090 tali
558 4048 663 4091 rerum
686 4027 803 4105 forma,
831 4028 933 4112 qualis
956 4028 1008 4093 hic
1029 4027 1229 4106 describitur,
1255 4019 1290 4088 ἐἰν
1310 4013 1344 4081 ἕο

324 4128 438 4194 ceteris
460 4130 636 4215 praeponit.
679 4128 764 4193 Eam
788 4129 829 4195 ob
853 4153 981 4197 eausam
1000 4142 1073 4197 ante
1091 4125 1193 4219 όθρει
1210 4129 1344 4194 lacunam

323 4231 472 4298 indicavi.
907 4224 912 4230 ¹
