2859 4909
259 389 323 457 186
586 399 964 459 ECCLESIAZUSAE.

258 543 313 630 qui
329 561 415 608 nnnc
431 541 658 629 nonagesimus
674 564 779 608 nonus
797 552 860 620 est,
884 542 1135 628 transponendos
1158 565 1230 611 esse
1247 544 1299 609 in-

259 645 379 712 tellexit
392 643 563 732 Bergkius,
581 666 774 729 quamquam
787 667 828 712 ne
842 645 889 712 sic
906 644 1034 732 quidem
1052 668 1162 712 omnes
1181 645 1300 713 tollun-

259 759 311 815 tur
327 746 545 826 diffieultates,
567 769 671 833 neque
688 747 898 815 dubitandum
915 761 964 816 est
981 749 1059 835 quin
1075 748 1158 815 inter
1174 772 1223 815 vs.
1242 750 1298 816 81.

260 864 291 920 et
310 851 361 920 82.
381 850 530 919 exciderit
547 873 676 931 versus,
698 872 763 937 qun
781 849 966 940 Praxagcra
986 874 1028 918 ex
1049 850 1181 919 muliere
1198 851 1301 918 altera

261 956 420 1024 sciscitata
437 965 518 1034 erat,
536 976 599 1039 quo
617 953 750 1021 consilio
767 954 872 1021 lanam
890 954 1059 1022 attulisset.

709 1106 759 1164 Vs.
779 1107 838 1162 107.

331 1208 369 1300 ἡν
386 1236 461 1293 πως
478 1213 684 1301 παραλαβεῖν
701 1216 761 1298 τῆς
778 1210 910 1293 πόλεως
926 1208 969 1279 τὰ
986 1211 1166 1301 πράγματα
1185 1251 1228 1261 -

328 1332 452 1401 Oobetn
469 1333 512 1402 V.
531 1334 572 1399 L.
590 1356 622 1420 p.
644 1333 716 1399 116.
740 1337 800 1420 τῆς
820 1331 953 1412 πόλεως
969 1329 1030 1413 τὰς
1046 1327 1139 1421 ἡνίας
1157 1332 1303 1400 seriben-

262 1437 338 1504 dum
356 1435 491 1515 videtur,
509 1447 544 1502 ut
561 1435 678 1524 legitur
689 1435 776 1521 Equ.
792 1434 886 1502 1109.
903 1440 962 1522 τῆς
979 1433 1101 1515 πυκνὸς
1117 1433 1177 1515 τὰς
1193 1432 1303 1523 ἡνίας,

262 1552 294 1607 et
311 1541 346 1607 in
361 1547 471 1607 nostra
488 1538 596 1607 fabula
612 1539 688 1607 466.
706 1543 764 1626 τῆς
782 1539 913 1618 πόλεως
929 1536 990 1619 τὰς
1007 1535 1111 1627 ἡνίας.
1155 1537 1243 1606 Sane
1265 1541 1303 1604 in

261 1643 416 1729 Equitum
436 1642 509 1710 loco
531 1642 655 1709 etiamsi
672 1664 784 1708 omnes
801 1641 926 1709 codices
944 1638 987 1709 τὰ
1003 1642 1184 1731 πράγματα
1200 1642 1305 1709 habe-

264 1759 344 1824 rent,
362 1754 469 1812 tamen
486 1741 548 1824 τὰς
564 1740 658 1832 ἡνίας
675 1744 845 1834 corrigenti
862 1743 975 1812 lubens
993 1744 1187 1812 accederem.
1233 1745 1305 1812 Vix

261 1848 345 1915 enim
370 1853 429 1934 τῆς
454 1844 578 1927 πυκνὸς
602 1845 645 1915 τὰ
671 1847 853 1938 πράγματα
877 1857 962 1914 recte
987 1848 1152 1915 diceretur.
1195 1846 1245 1913 At
1266 1848 1305 1912 in

261 1951 493 2019 Ecclesiszusis
510 1972 593 2037 quae
610 1973 709 2019 causa
726 1951 850 2018 criticos
868 1961 963 2037 cogat
979 1961 1013 2017 ut
1031 1950 1117 2018 idem
1132 1962 1303 2037 reponant,

127 2046 130 2050 ¹
261 2077 326 2121 non
346 2055 513 2142 perspicio.
556 2053 706 2142 Neglexit
729 2052 873 2121 Cobetus
895 2053 993 2119 alium
1014 2053 1169 2139 Equitum
1191 2054 1304 2120 locum

260 2182 308 2226 vs.
339 2159 411 2226 130.
445 2159 502 2225 καί
532 2161 668 2245 πρῶτος
699 2154 766 2238 ἕξει
790 2161 849 2244 τῆς
875 2155 1007 2237 πόλεως
1032 2153 1075 2224 τὰ
1102 2155 1299 2244 πράγματα.

261 2261 346 2328 Num
364 2261 417 2328 hie
434 2282 559 2348 quoque
576 2256 636 2340 τὰς
653 2255 747 2347 ἡνίας
763 2259 915 2346 reponet?

679 2411 730 2469 vs.
750 2411 808 2466 110.
828 2381 887 2467 11'5.

428 2520 484 2586 καὶ
501 2522 753 2603 adgravamur
770 2516 954 2605 θηλύφρων
973 2518 1128 2599 ξυνουσία

429 2620 667 2710 lassulus,-

329 2740 510 2809 Scholiasta
539 2742 618 2808 haec
644 2762 662 2807 e
688 2740 810 2829 tragico
842 2740 985 2807 dramate
1015 2738 1202 2807 adumbrata
1228 2763 1304 2808 esse

261 2844 398 2910 indicat:
426 2841 461 2909 ἐν
482 2844 668 2931 τραγῳδίας
689 2848 799 2911 τοῦτο.
844 2842 1019 2927 Quaerenti
1036 2865 1076 2908 ex
1094 2864 1233 2928 quonam
1251 2867 1305 2910 re·

264 2946 444 3033 sponderim
467 2968 508 3013 ex
524 2946 688 3034 Euripidis
707 2945 890 3035 Hypsipyle
908 2946 959 3013 cll.
977 2945 1149 3033 Apollonio
1166 2945 1249 3033 Arg.
1271 2948 1302 3025 1,

179 3085 184 3093 ·
263 3049 338 3118 653.
358 3071 427 3135 sqq.
445 3050 501 3135 qui
517 3050 653 3117 fortasse
671 3050 767 3116 etiarn
790 3050 824 3116 in
845 3048 915 3115 aliis
932 3048 1139 3136 Euripideum
1157 3047 1303 3115 fabulam

265 3162 393 3221 secutus
416 3164 474 3221 est.
518 3153 558 3219 In
576 3151 782 3239 sequentibus
800 3151 1005 3240 Praxagorae
1022 3151 1140 3219 dicenti
1156 3147 1195 3218 τὸ
1214 3175 1304 3219 αντα·

264 3257 403 3325 deludas
419 3255 603 3324 mulieribus
620 3255 810 3343 perfortem
828 3256 987 3322 fortunam
1006 3263 1183 3342 suppetere,
1202 3255 1305 3321 altera

263 3360 454 3447 respendere
478 3360 531 3425 vix
556 3360 671 3445 potuit:
699 3353 758 3425 οὐκ
786 3353 876 3425 olda·
904 3354 1010 3426 δεινὸν
1037 3353 1068 3424 d’
1094 3354 1182 3425 ἐστίν
1208 3354 1229 3444 ἡ
1254 3356 1303 3445 μὴ

263 3458 429 3548 ’μπειρία,
449 3462 505 3529 sed
525 3450 559 3528 ed
579 3457 665 3529 οἶδα.
1134 3476 1137 3481 ’

716 3613 767 3669 Vs.
786 3612 846 3669 125.

396 3715 442 3798 ὥς
459 3718 513 3785 καὶ
532 3719 773 3806 καταγέλαστον
789 3714 829 3785 τὸ
848 3722 986 3805 πρᾶγμα
1004 3722 1168 3807 φαίνεται.

329 3840 465 3906 Minime
487 3839 616 3927 elegans
638 3838 734 3904 huius
755 3860 867 3905 versus
891 3846 1047 3905 structura
1069 3846 1131 3918 est,
1157 3839 1211 3904 cui
1231 3861 1307 3927 per·

264 3943 359 4030 pauci
377 3942 496 4009 similes
513 3943 724 4029 reperiuntur,
748 3942 803 4027 qui
821 3963 930 4008 omues
949 3942 1026 4027 quin
1042 3941 1222 4028 corrigendi
1239 3941 1307 4008 sint

264 4069 328 4113 non
345 4043 477 4111 dubium
495 4056 553 4112 est
599 4045 690 4111 Illius
709 4043 838 4130 quidem
855 4067 951 4130 quem
968 4044 1123 4132 adscripsi
1139 4044 1305 4131 perfacilis

264 4161 313 4217 est
330 4146 470 4215 medela:

271 4309 272 4312 ,
395 4246 440 4330 ὡς
458 4250 702 4336 καταγέλαστον
720 4254 820 4318 τοῦτο
838 4254 976 4339 πρᾶγμα
994 4255 1158 4339 φαίνεται.
