2859 4909
534 408 694 465 RANAE.
1072 395 1133 461 171

113 546 303 634 sequentibus
332 543 416 613 ἀλλὰ
441 546 574 626 τούτοις
599 561 671 627 τοῖς
692 560 851 636 πονηροῖς
870 549 1027 630 χαλκίοις.
1074 548 1137 616 Ce-

112 664 201 718 terum
222 651 262 716 de
280 649 386 715 aureis
400 648 645 716 Atheniensium
663 674 693 716 v.
713 650 913 718 Boackhium
932 649 1138 719 Staatshans-

112 754 233 840 haltnng
249 753 307 819 der
323 751 469 819 Athener
486 753 548 819 vol.
567 753 594 820 Ι.
613 776 644 840 p.
664 754 716 821 33.

166 856 288 942 Magna
304 856 381 922 item
399 855 554 921 dubitatio
572 856 613 922 do
630 879 679 924 vs.
700 857 773 924 726.

150 958 179 1025 ἕν
195 983 232 1026 τε
249 970 321 1038 τοῖς
332 952 467 1045 Ἕλλησι
483 960 539 1024 καὶ
556 971 629 1039 τοῖς
645 959 849 1047 βαρβάροισι
866 966 1045 1043 πανταχοῦ,

115 1063 160 1146 qui
189 1084 262 1127 cum
293 1084 332 1127 eo
363 1083 427 1146 quo
460 1060 560 1148 vulgo
593 1062 710 1149 legitur
744 1063 814 1129 loco
849 1063 890 1129 ab
922 1062 1139 1149 Aristophane

116 1166 238 1252 scriptus
261 1186 420 1231 essenon
445 1165 548 1250 possit
574 1170 698 1252 (aperte
721 1166 805 1231 enim
827 1167 1050 1253 grammaticae
1074 1166 1139 1253 legi

113 1278 272 1355 repugnat,
300 1289 382 1351 quae
404 1268 577 1334 orationem
598 1269 643 1334 ita
666 1270 836 1335 formatam
856 1269 996 1356 postulat
1018 1263 1085 1334 οὔτ’
1106 1266 1140 1335 ἐν

108 1363 246 1455 Ἕλλησιν
274 1365 340 1436 οὔτ’
370 1367 403 1436 ἓν
429 1369 642 1455 βαρβάροις),
678 1371 883 1437 Hermannus
911 1393 984 1438 eum
1011 1371 1136 1451 delevit,

114 1472 263 1560 Bergkins
286 1484 392 1539 autem
414 1485 487 1559 post
512 1475 584 1540 722.
607 1475 772 1560 transponi
794 1475 903 1541 voluit.
947 1474 1058 1541 Deleri
1074 1498 1140 1541 non

113 1598 198 1661 posse
234 1576 413 1661 epirrhema
447 1576 553 1654 docet,
590 1577 642 1641 cui
675 1599 756 1662 quos
787 1578 992 1644 Hamakerus
1026 1600 1140 1644 versus

114 1678 275 1757 subtraxit,
306 1690 342 1744 ut
367 1702 515 1746 numeros
543 1691 747 1763 exaequaret,
780 1703 833 1748 eoa
861 1681 902 1748 ab
933 1682 1020 1748 omni
1044 1681 1140 1746 inter-

112 1781 272 1867 polationis
291 1783 472 1868 suspicione
490 1793 576 1849 tutos
594 1794 735 1868 praestat
751 1794 898 1850 accurata
921 1808 1026 1851 rerum
1043 1784 1140 1850 tradi·

113 1896 206 1951 tarum
242 1885 396 1972 cognitio,
431 1886 472 1953 de
507 1908 571 1971 qua
605 1886 723 1972 optime
761 1887 934 1975 disputavit
968 1888 1140 1954 Eduardus

112 1986 216 2056 Meier.
261 1988 372 2074 Neque
404 2011 480 2055 vero
510 1989 713 2074 transpositio
748 1989 832 2057 illius
867 2013 978 2057 versus
1013 1989 1141 2076 probari

112 2113 200 2177 posse
221 2092 361 2171 videtum
388 2092 465 2177 quid
482 2091 567 2159 enim
585 2092 739 2158 attinebat
762 2093 838 2171 dici,
861 2093 978 2159 Atticis
1001 2092 1140 2157 nummis

113 2216 208 2279 neque
244 2196 323 2262 alios
358 2192 500 2262 Graecos
535 2218 638 2281 neque
675 2197 823 2261 barbaros
857 2195 916 2260 uti.
938 2193 1142 2260 melioribus?

114 2294 147 2362 Si
168 2298 243 2383 quid
266 2322 327 2386 ego
349 2299 458 2377 video,
485 2299 591 2366 versui
612 2298 657 2365 illi
678 2298 805 2364 nonnisi
827 2299 859 2364 in
882 2298 944 2364 fine
967 2298 1141 2364 sententiae

16 2445 17 2470 ι
113 2398 140 2464 h.
154 2423 181 2465 e.
199 2412 273 2490 post
292 2401 365 2467 725.
383 2401 472 2468 locus
491 2412 549 2479 est,
568 2413 603 2467 ut
621 2403 667 2468 sic
684 2402 835 2488 procedat
852 2402 965 2468 oratio:
982 2400 1143 2467 veteribus

114 2504 245 2572 nummis
266 2526 439 2589 nusquam,
460 2505 553 2571 novis
576 2515 682 2571 autem
704 2504 822 2590 ubique
844 2504 970 2572 utimur.
1013 2504 1065 2570 Eo
1083 2504 1144 2592 igi-

114 2617 161 2673 tur
176 2608 245 2675 loco
264 2632 338 2674 eum
354 2608 457 2695 posui.

560 2794 609 2849 Vs.
629 2794 688 2849 730.

349 2912 421 2979 τοῖς
439 2900 476 2967 δὲ
491 2903 624 2983 χαλκοῖς
642 2903 697 2966 καὶ
716 2901 821 2981 ξένοις
837 2902 892 2966 καὶ
910 2905 1067 2988 πυρρίαις

188 3004 244 3069 καὶ
262 3016 422 3093 πονηροῖς
439 2999 499 3069 κᾶκ
513 3010 666 3092 πονηρῶν
684 3003 733 3083 εἷς
751 2998 885 3070 ἅπαντα
900 3002 1063 3091 χρώμεθα

188 3103 345 3184 ὑστάτοις
364 3102 604 3195 ἀφιγμένοισιν.

84 3255 90 3270 ·
175 3226 240 3293 Pro
258 3221 415 3305 ὑστάτοις
432 3228 558 3312 requiro
576 3222 736 3314 ὑστέροις.
783 3226 1016 3313 Comparantur
1036 3226 1147 3293 novitii

117 3327 255 3395 homines
281 3353 354 3395 cum
381 3330 519 3415 antiquis
546 3330 682 3410 civibus;
706 3330 822 3415 quibus
844 3329 890 3396 illi
913 3330 1044 3396 seriores
1072 3329 1149 3394 civi-

117 3441 209 3499 tatem
234 3433 342 3519 adepti
368 3445 466 3501 erant.
511 3434 596 3499 Tum
623 3457 772 3521 magnam
799 3433 1005 3500 offensionem
1031 3433 1149 3499 habent

118 3535 211 3602 verba
228 3535 276 3615 εἷς
294 3531 428 3604 ἅπαντα
443 3536 621 3625 χρώμεθα,
645 3559 727 3622 quae
746 3560 809 3604 non
827 3544 876 3602 est
893 3536 1032 3623 genuina
1050 3546 1082 3601 et
1099 3545 1148 3601 at-

16 3715 17 3734 *
120 3638 176 3704 tica
193 3650 360 3707 structura.
406 3638 569 3706 Constans
587 3640 671 3705 enim
690 3651 722 3706 et
738 3653 909 3728 perpetuus
927 3638 1053 3706 dicendi
1069 3661 1148 3705 usus

118 3747 261 3828 χρῆσθαι
282 3766 355 3809 cum
377 3743 558 3809 accusativo
581 3743 649 3810 eiua
673 3744 733 3821 rei,
757 3743 809 3809 cui
831 3742 998 3809 adhibetur
1019 3742 1150 3827 aliquid,

16 3831 17 3836 ἵ
121 3846 265 3934 coniungi
295 3846 445 3933 postulat.
490 3837 577 3911 Eam'
601 3846 642 3912 ob
670 3869 800 3912 causam
828 3835 904 3913 οὖσι
929 3845 1040 3912 πάντα
1066 3846 1150 3912 edidi

120 3967 173 4031 pro
208 3948 256 4029 εἷς
292 3944 445 4029 ἅπαντας
480 3971 518 4015 ac
553 3949 753 4036 participium
789 3950 883 4015 etiam
923 3959 1051 4037 propter
1089 3946 1150 4015 κάκ

122 4058 269 4139 πονηρῶν
294 4052 504 4138 requirebam.
550 4051 699 4137 Denique
720 4054 854 4135 χαλκοῖς
880 4077 991 4120 vereor
1019 4075 1058 4117 ne
1086 4075 1150 4118 non

124 4174 229 4220 sanum
244 4158 294 4224 sit.
330 4154 413 4222 Sunt
427 4156 481 4240 qui
495 4157 638 4222 subdolos
655 4156 832 4244 intelligant
838 4181 847 4235 ;
866 4168 899 4222 at
916 4156 950 4222 hi
966 4153 1150 4238 ὑπόχαλκοι

122 4254 279 4339 dicuntur,
301 4281 365 4325 non
386 4261 504 4342 χαλκοῖ
524 4257 653 4347 ἄνδρες,
681 4260 736 4345 qui
759 4271 833 4326 sunt
857 4260 1002 4326 homines
1029 4257 1150 4337 armati,
