<?xml version="1.0" encoding="UTF-8"?>
<!DOCTYPE html PUBLIC "-//W3C//DTD XHTML 1.0 Transitional//EN"
    "http://www.w3.org/TR/xhtml1/DTD/xhtml1-transitional.dtd">
<html xmlns="http://www.w3.org/1999/xhtml" xml:lang="en" lang="en">
 <head>
  <title>
</title>
<meta http-equiv="Content-Type" content="text/html;charset=utf-8" />
  <meta name='ocr-system' content='tesseract 3.04.00' />
  <meta name='ocr-capabilities' content='ocr_page ocr_carea ocr_par ocr_line ocrx_word'/>
</head>
<body>
  <div class='ocr_page' id='page_1' title='image "./vindiciarumaris00meingoog_0112.png"; bbox 0 0 2859 4909; ppageno 0'>
   <div class='ocr_carea' id='block_1_1' title="bbox 293 358 875 426">
    <p class='ocr_par' dir='ltr' id='par_1_1' title="bbox 293 358 875 426">
     <span class='ocr_line' id='line_1_1' title="bbox 293 358 875 426; baseline -0.003 -1"><span class='ocrx_word' id='word_1_1' title='bbox 293 358 339 425; x_wconf 82' lang='grc'><strong>94</strong></span> <span class='ocrx_word' id='word_1_2' title='bbox 752 367 875 426; x_wconf 76' lang='lat' dir='ltr'><strong>Avus,</strong></span> 
     </span>
    </p>
   </div>
   <div class='ocr_carea' id='block_1_2' title="bbox 290 506 1411 1323">
    <p class='ocr_par' dir='ltr' id='par_1_2' title="bbox 293 506 1329 599">
     <span class='ocr_line' id='line_1_2' title="bbox 293 506 1329 599; baseline -0.003 -19"><span class='ocrx_word' id='word_1_3' title='bbox 293 511 362 581; x_wconf 89' lang='lat' dir='ltr'><strong>Ubi</strong></span> <span class='ocrx_word' id='word_1_4' title='bbox 386 506 445 579; x_wconf 75' lang='grc' dir='ltr'><strong><em>κᾶν</em></strong></span> <span class='ocrx_word' id='word_1_5' title='bbox 470 522 542 590; x_wconf 87' lang='grc' dir='ltr'><strong><em>τοῖς</em></strong></span> <span class='ocrx_word' id='word_1_6' title='bbox 569 508 671 599; x_wconf 81' lang='grc' dir='ltr'><strong><em>ίεροίς</em></strong></span> <span class='ocrx_word' id='word_1_7' title='bbox 694 518 745 577; x_wconf 83' lang='lat' dir='ltr'><strong>est</strong></span> <span class='ocrx_word' id='word_1_8' title='bbox 768 511 803 575; x_wconf 84' lang='grc' dir='ltr'><strong>ιἰι</strong></span> <span class='ocrx_word' id='word_1_9' title='bbox 830 512 948 598; x_wconf 71' lang='lat' dir='ltr'><strong>templis</strong></span> <span class='ocrx_word' id='word_1_10' title='bbox 974 514 1060 577; x_wconf 82' lang='grc' dir='ltr'><strong><em>αιίιο.</em></strong></span> <span class='ocrx_word' id='word_1_11' title='bbox 1094 509 1192 594; x_wconf 80' lang='lat' dir='ltr'><strong>Quod</strong></span> <span class='ocrx_word' id='word_1_12' title='bbox 1218 509 1329 577; x_wconf 89' lang='lat' dir='ltr'><strong>ultimo</strong></span> 
     </span>
    </p>

    <p class='ocr_par' dir='ltr' id='par_1_3' title="bbox 290 612 1411 1323">
     <span class='ocr_line' id='line_1_3' title="bbox 290 612 1411 702; baseline -0.002 -19"><span class='ocrx_word' id='word_1_13' title='bbox 290 637 387 683; x_wconf 81' lang='lat' dir='ltr'><strong>versu</strong></span> <span class='ocrx_word' id='word_1_14' title='bbox 403 622 667 682; x_wconf 82' lang='lat' dir='ltr'><strong>commemoratur</strong></span> <span class='ocrx_word' id='word_1_15' title='bbox 682 612 796 679; x_wconf 89' lang='lat' dir='ltr'><strong>retium</strong></span> <span class='ocrx_word' id='word_1_16' title='bbox 814 634 916 702; x_wconf 87' lang='lat' dir='ltr'><strong>genus</strong></span> <span class='ocrx_word' id='word_1_17' title='bbox 929 618 1062 701; x_wconf 74' lang='grc' dir='ltr'><strong><em>πυκναί,</em></strong></span> <span class='ocrx_word' id='word_1_18' title='bbox 1081 613 1216 681; x_wconf 77' lang='lat' dir='ltr'><strong>sortasse</strong></span> <span class='ocrx_word' id='word_1_19' title='bbox 1234 614 1329 698; x_wconf 81' lang='lat' dir='ltr'><strong>etiam</strong></span> <span class='ocrx_word' id='word_1_20' title='bbox 1410 617 1411 622; x_wconf 74' lang='grc'>’</span> 
     </span>
     <span class='ocr_line' id='line_1_4' title="bbox 293 714 1326 807; baseline 0 -22"><span class='ocrx_word' id='word_1_21' title='bbox 293 742 314 785; x_wconf 84' lang='lat' dir='ltr'><strong>a</strong></span> <span class='ocrx_word' id='word_1_22' title='bbox 327 715 487 806; x_wconf 78' lang='lat' dir='ltr'>Sophocle</span> <span class='ocrx_word' id='word_1_23' title='bbox 502 724 782 785; x_wconf 82' lang='lat' dir='ltr'><strong>commemoratum</strong></span> <span class='ocrx_word' id='word_1_24' title='bbox 796 727 846 784; x_wconf 87' lang='lat' dir='ltr'><strong>est</strong></span> <span class='ocrx_word' id='word_1_25' title='bbox 858 716 944 805; x_wconf 82' lang='lat' dir='ltr'><strong>opud</strong></span> <span class='ocrx_word' id='word_1_26' title='bbox 960 714 1133 784; x_wconf 87' lang='lat' dir='ltr'><strong>Stobaeum</strong></span> <span class='ocrx_word' id='word_1_27' title='bbox 1147 717 1219 785; x_wconf 88' lang='lat' dir='ltr'><strong>Ecl.</strong></span> <span class='ocrx_word' id='word_1_28' title='bbox 1234 718 1326 807; x_wconf 84' lang='lat' dir='ltr'><strong>phys.</strong></span> 
     </span>
     <span class='ocr_line' id='line_1_5' title="bbox 293 818 1328 911; baseline -0.002 -23"><span class='ocrx_word' id='word_1_29' title='bbox 293 822 321 902; x_wconf 84' lang='grc' dir='ltr'><strong>Ι,</strong></span> <span class='ocrx_word' id='word_1_30' title='bbox 339 821 371 901; x_wconf 82' lang='grc'><strong>3,</strong></span> <span class='ocrx_word' id='word_1_31' title='bbox 391 822 421 888; x_wconf 84' lang='grc'><strong>7.</strong></span> <span class='ocrx_word' id='word_1_32' title='bbox 441 820 574 904; x_wconf 84' lang='lat' dir='ltr'><strong>(sivein</strong></span> <span class='ocrx_word' id='word_1_33' title='bbox 590 818 762 887; x_wconf 74' lang='lat' dir='ltr'><strong>Menandri</strong></span> <span class='ocrx_word' id='word_1_34' title='bbox 783 819 910 907; x_wconf 84' lang='lat' dir='ltr'><strong>gnomis</strong></span> <span class='ocrx_word' id='word_1_35' title='bbox 931 831 1066 888; x_wconf 85' lang='lat' dir='ltr'><strong>monost.</strong></span> <span class='ocrx_word' id='word_1_36' title='bbox 1085 822 1154 901; x_wconf 77' lang='lat'><strong>25.)</strong></span> <span class='ocrx_word' id='word_1_37' title='bbox 1177 820 1234 911; x_wconf 87' lang='lat' dir='ltr'><strong>ubi</strong></span> <span class='ocrx_word' id='word_1_38' title='bbox 1256 843 1328 888; x_wconf 91' lang='lat' dir='ltr'><strong>cum</strong></span> 
     </span>
     <span class='ocr_line' id='line_1_6' title="bbox 293 919 1326 1014; baseline 0.001 -23"><span class='ocrx_word' id='word_1_39' title='bbox 293 924 391 1013; x_wconf 83' lang='lat' dir='ltr'><strong>vulgo</strong></span> <span class='ocrx_word' id='word_1_40' title='bbox 422 923 534 991; x_wconf 89' lang='lat' dir='ltr'><strong>edatur</strong></span> <span class='ocrx_word' id='word_1_41' title='bbox 564 928 650 992; x_wconf 75' lang='grc' dir='ltr'><strong><em>θεοῦ</em></strong></span> <span class='ocrx_word' id='word_1_42' title='bbox 684 923 721 991; x_wconf 82' lang='grc' dir='ltr'><strong>δὲ</strong></span> <span class='ocrx_word' id='word_1_43' title='bbox 751 920 877 1012; x_wconf 77' lang='grc' dir='ltr'><strong><em>πληγὴν</em></strong></span> <span class='ocrx_word' id='word_1_44' title='bbox 910 920 969 1007; x_wconf 80' lang='grc' dir='ltr'><strong>οὐχ</strong></span> <span class='ocrx_word' id='word_1_45' title='bbox 994 919 1172 1013; x_wconf 80' lang='grc' dir='ltr'><strong><em>ὖιτεριτηδᾷ</em></strong></span> <span class='ocrx_word' id='word_1_46' title='bbox 1196 924 1326 1014; x_wconf 85' lang='grc' dir='ltr'><strong><em>βροτός,</em></strong></span> 
     </span>
     <span class='ocr_line' id='line_1_7' title="bbox 293 1025 1328 1116; baseline 0 -23"><span class='ocrx_word' id='word_1_47' title='bbox 293 1027 464 1095; x_wconf 87' lang='lat' dir='ltr'><strong>videndum</strong></span> <span class='ocrx_word' id='word_1_48' title='bbox 494 1037 543 1096; x_wconf 85' lang='lat' dir='ltr'><strong>est</strong></span> <span class='ocrx_word' id='word_1_49' title='bbox 572 1050 613 1095; x_wconf 87' lang='lat' dir='ltr'><strong>ne</strong></span> <span class='ocrx_word' id='word_1_50' title='bbox 644 1026 847 1095; x_wconf 88' lang='lat' dir='ltr'><strong>scribendum</strong></span> <span class='ocrx_word' id='word_1_51' title='bbox 877 1027 918 1093; x_wconf 87' lang='lat' dir='ltr'><strong>sit</strong></span> <span class='ocrx_word' id='word_1_52' title='bbox 943 1027 1069 1115; x_wconf 78' lang='grc' dir='ltr'><strong><em>πηκτήν</em></strong></span> <span class='ocrx_word' id='word_1_53' title='bbox 1096 1028 1145 1094; x_wconf 89' lang='lat' dir='ltr'><strong>cll.</strong></span> <span class='ocrx_word' id='word_1_54' title='bbox 1172 1025 1328 1116; x_wconf 81' lang='lat' dir='ltr'><strong>Aeschyli</strong></span> 
     </span>
     <span class='ocr_line' id='line_1_8' title="bbox 292 1126 1411 1220; baseline 0 -23"><span class='ocrx_word' id='word_1_55' title='bbox 292 1130 383 1199; x_wconf 88' lang='lat' dir='ltr'><strong>Pers.</strong></span> <span class='ocrx_word' id='word_1_56' title='bbox 410 1131 482 1199; x_wconf 59' lang='lat'><strong>104</strong></span> <span class='ocrx_word' id='word_1_57' title='bbox 505 1130 651 1220; x_wconf 78' lang='grc' dir='ltr'><em>παράγει</em></span> <span class='ocrx_word' id='word_1_58' title='bbox 671 1128 791 1220; x_wconf 87' lang='grc' dir='ltr'><strong><em>βροτὸν</em></strong></span> <span class='ocrx_word' id='word_1_59' title='bbox 813 1129 862 1210; x_wconf 83' lang='grc' dir='ltr'><strong><em>είς</em></strong></span> <span class='ocrx_word' id='word_1_60' title='bbox 887 1126 1010 1217; x_wconf 75' lang='grc' dir='ltr'><strong><em>ἄρκυας</em></strong></span> <span class='ocrx_word' id='word_1_61' title='bbox 1036 1127 1114 1212; x_wconf 77' lang='grc' dir='ltr'><strong><em>ἄτα,</em></strong></span> <span class='ocrx_word' id='word_1_62' title='bbox 1142 1131 1247 1199; x_wconf 73' lang='grc' dir='ltr'><strong><em>τόθεν</em></strong></span> <span class='ocrx_word' id='word_1_63' title='bbox 1271 1127 1326 1199; x_wconf 78' lang='grc' dir='ltr'><strong><em>οὐκ</em></strong></span> <span class='ocrx_word' id='word_1_64' title='bbox 1410 1181 1411 1184; x_wconf 22' lang='grc' dir='ltr'><strong><em>ι</em></strong></span> 
     </span>
     <span class='ocr_line' id='line_1_9' title="bbox 292 1229 1052 1323; baseline 0 -22"><span class='ocrx_word' id='word_1_65' title='bbox 292 1231 382 1302; x_wconf 73' lang='grc' dir='ltr'><strong><em>ἔστιν</em></strong></span> <span class='ocrx_word' id='word_1_66' title='bbox 394 1231 482 1303; x_wconf 67' lang='grc' dir='ltr'><strong><em>ὑπὲκ</em></strong></span> <span class='ocrx_word' id='word_1_67' title='bbox 498 1231 624 1303; x_wconf 74' lang='grc' dir='ltr'><strong><em>θνατὸν</em></strong></span> <span class='ocrx_word' id='word_1_68' title='bbox 642 1229 805 1317; x_wconf 76' lang='grc' dir='ltr'><strong><em>ἅλυξαντα</em></strong></span> <span class='ocrx_word' id='word_1_69' title='bbox 822 1245 948 1323; x_wconf 72' lang='grc' dir='ltr'><strong><em>φυγεῖν.</em></strong></span> <span class='ocrx_word' id='word_1_70' title='bbox 1050 1245 1052 1250; x_wconf 85' lang='grc'><strong>’</strong></span> 
     </span>
    </p>
   </div>
   <div class='ocr_carea' id='block_1_3' title="bbox 226 1421 1411 4324">
    <p class='ocr_par' dir='ltr' id='par_1_4' title="bbox 396 1421 1129 1823">
     <span class='ocr_line' id='line_1_10' title="bbox 748 1421 876 1479; baseline -0.008 0"><span class='ocrx_word' id='word_1_71' title='bbox 748 1421 798 1479; x_wconf 83' lang='lat' dir='ltr'><strong>Vs.</strong></span> <span class='ocrx_word' id='word_1_72' title='bbox 816 1421 876 1478; x_wconf 75' lang='lat'><strong>533.</strong></span> 
     </span>
     <span class='ocr_line' id='line_1_11' title="bbox 465 1522 968 1614; baseline 0 -19"><span class='ocrx_word' id='word_1_73' title='bbox 465 1522 533 1595; x_wconf 65' lang='grc' dir='ltr'><strong>ἀλλ’</strong></span> <span class='ocrx_word' id='word_1_74' title='bbox 550 1525 727 1595; x_wconf 77' lang='grc' dir='ltr'><strong><em>ἐπικνῶσιν</em></strong></span> <span class='ocrx_word' id='word_1_75' title='bbox 744 1524 842 1614; x_wconf 86' lang='grc' dir='ltr'><strong><em>τυρὸν</em></strong></span> <span class='ocrx_word' id='word_1_76' title='bbox 859 1526 968 1595; x_wconf 68' lang='grc' dir='ltr'><strong><em>ἔλαιον</em></strong></span> 
     </span>
     <span class='ocr_line' id='line_1_12' title="bbox 397 1626 986 1720; baseline 0 -22"><span class='ocrx_word' id='word_1_77' title='bbox 397 1699 400 1704; x_wconf 22' lang='lat'><strong>⁴</strong></span> <span class='ocrx_word' id='word_1_78' title='bbox 465 1632 598 1717; x_wconf 80' lang='grc' dir='ltr'><strong><em>σίλφιον</em></strong></span> <span class='ocrx_word' id='word_1_79' title='bbox 617 1626 705 1713; x_wconf 77' lang='grc' dir='ltr'><strong><em>ὄξος,</em></strong></span> <span class='ocrx_word' id='word_1_80' title='bbox 725 1635 986 1720; x_wconf 77' lang='grc' dir='ltr'><strong><em>κατατρίψαντες</em></strong></span> 
     </span>
     <span class='ocr_line' id='line_1_13' title="bbox 396 1728 1129 1823; baseline 0.01 -28"><span class='ocrx_word' id='word_1_81' title='bbox 396 1738 450 1795; x_wconf 74' lang='grc'><strong>535</strong></span> <span class='ocrx_word' id='word_1_82' title='bbox 466 1728 643 1818; x_wconf 75' lang='grc' dir='ltr'><strong><em>κατάχυσμ’</em></strong></span> <span class='ocrx_word' id='word_1_83' title='bbox 660 1731 770 1823; x_wconf 70' lang='grc' dir='ltr'><strong><em>ἕτερον</em></strong></span> <span class='ocrx_word' id='word_1_84' title='bbox 787 1730 886 1822; x_wconf 71' lang='grc' dir='ltr'><strong><em>γλυκὺ</em></strong></span> <span class='ocrx_word' id='word_1_85' title='bbox 903 1735 960 1800; x_wconf 86' lang='grc' dir='ltr'><strong><em>καὶ</em></strong></span> <span class='ocrx_word' id='word_1_86' title='bbox 977 1734 1129 1820; x_wconf 79' lang='grc' dir='ltr'><strong><em>λιπαρόν,</em></strong></span> 
     </span>
    </p>

    <p class='ocr_par' dir='ltr' id='par_1_5' title="bbox 463 1831 1010 1926">
     <span class='ocr_line' id='line_1_14' title="bbox 463 1831 1010 1926; baseline 0.004 -24"><span class='ocrx_word' id='word_1_87' title='bbox 463 1831 609 1904; x_wconf 68' lang='grc' dir='ltr'><strong><em>κᾶπειτα</em></strong></span> <span class='ocrx_word' id='word_1_88' title='bbox 625 1836 866 1906; x_wconf 79' lang='grc' dir='ltr'><strong><em>κατεσκέδασαν</em></strong></span> <span class='ocrx_word' id='word_1_89' title='bbox 884 1834 1010 1926; x_wconf 74' lang='grc' dir='ltr'><strong><em>θερμὸν</em></strong></span> 
     </span>
    </p>

    <p class='ocr_par' dir='ltr' id='par_1_6' title="bbox 462 1935 763 2025">
     <span class='ocr_line' id='line_1_15' title="bbox 462 1935 763 2025; baseline 0.003 -19"><span class='ocrx_word' id='word_1_90' title='bbox 462 1944 561 2006; x_wconf 83' lang='grc' dir='ltr'><strong><em>τοῦτο</em></strong></span> <span class='ocrx_word' id='word_1_91' title='bbox 579 1935 656 2006; x_wconf 72' lang='grc' dir='ltr'><strong><em>καθ’</em></strong></span> <span class='ocrx_word' id='word_1_92' title='bbox 671 1936 763 2025; x_wconf 76' lang='grc' dir='ltr'><strong><em>ὑμῶν</em></strong></span> 
     </span>
    </p>

    <p class='ocr_par' dir='ltr' id='par_1_7' title="bbox 237 2037 1411 2667">
     <span class='ocr_line' id='line_1_16' title="bbox 454 2037 1411 2133; baseline 0.001 -24"><span class='ocrx_word' id='word_1_93' title='bbox 454 2037 571 2110; x_wconf 75' lang='grc' dir='ltr'><strong><em>ἀὐτῶν</em></strong></span> <span class='ocrx_word' id='word_1_94' title='bbox 590 2037 704 2132; x_wconf 75' lang='grc' dir='ltr'><strong><em>ὥσπερ</em></strong></span> <span class='ocrx_word' id='word_1_95' title='bbox 722 2048 920 2133; x_wconf 75' lang='grc' dir='ltr'><strong><em>κενεβρείων.</em></strong></span> <span class='ocrx_word' id='word_1_96' title='bbox 1410 2123 1411 2130; x_wconf 14' lang='lat'>¹</span> 
     </span>
     <span class='ocr_line' id='line_1_17' title="bbox 292 2163 1322 2253; baseline 0 -23"><span class='ocrx_word' id='word_1_97' title='bbox 292 2214 297 2220; x_wconf 79' lang='lat'><strong>.</strong></span> <span class='ocrx_word' id='word_1_98' title='bbox 355 2163 420 2230; x_wconf 91' lang='lat' dir='ltr'><strong>Pro</strong></span> <span class='ocrx_word' id='word_1_99' title='bbox 446 2168 720 2253; x_wconf 84' lang='grc' dir='ltr'><strong><em>κατατρίψαντες,</em></strong></span> <span class='ocrx_word' id='word_1_100' title='bbox 752 2186 833 2250; x_wconf 87' lang='lat' dir='ltr'><strong>quae</strong></span> <span class='ocrx_word' id='word_1_101' title='bbox 860 2164 1037 2232; x_wconf 90' lang='lat' dir='ltr'><strong>Hermanni</strong></span> <span class='ocrx_word' id='word_1_102' title='bbox 1063 2173 1112 2230; x_wconf 89' lang='lat' dir='ltr'><strong>est</strong></span> <span class='ocrx_word' id='word_1_103' title='bbox 1137 2164 1322 2241; x_wconf 83' lang='lat' dir='ltr'><strong>emendatio,</strong></span> 
     </span>
     <span class='ocr_line' id='line_1_18' title="bbox 294 2267 1411 2356; baseline 0 -23"><span class='ocrx_word' id='word_1_104' title='bbox 294 2267 389 2356; x_wconf 88' lang='lat' dir='ltr'><strong>vulgo</strong></span> <span class='ocrx_word' id='word_1_105' title='bbox 407 2267 524 2354; x_wconf 84' lang='lat' dir='ltr'><strong>legitur</strong></span> <span class='ocrx_word' id='word_1_106' title='bbox 539 2269 595 2334; x_wconf 83' lang='grc' dir='ltr'><strong><em>καί</em></strong></span> <span class='ocrx_word' id='word_1_107' title='bbox 611 2272 799 2356; x_wconf 81' lang='grc' dir='ltr'><strong><em>τρίψαντες,</em></strong></span> <span class='ocrx_word' id='word_1_108' title='bbox 818 2269 905 2353; x_wconf 88' lang='lat' dir='ltr'><strong>quod</strong></span> <span class='ocrx_word' id='word_1_109' title='bbox 921 2291 986 2335; x_wconf 93' lang='lat' dir='ltr'><strong>non</strong></span> <span class='ocrx_word' id='word_1_110' title='bbox 1003 2277 1087 2334; x_wconf 89' lang='lat' dir='ltr'><strong>recte</strong></span> <span class='ocrx_word' id='word_1_111' title='bbox 1105 2268 1168 2334; x_wconf 89' lang='lat' dir='ltr'><strong>coit</strong></span> <span class='ocrx_word' id='word_1_112' title='bbox 1184 2290 1260 2335; x_wconf 91' lang='lat' dir='ltr'><strong>cum</strong></span> <span class='ocrx_word' id='word_1_113' title='bbox 1278 2289 1323 2334; x_wconf 91' lang='lat' dir='ltr'><strong>se·</strong></span> <span class='ocrx_word' id='word_1_114' title='bbox 1403 2283 1411 2343; x_wconf 75' lang='lat'><strong>.³</strong></span> 
     </span>
     <span class='ocr_line' id='line_1_19' title="bbox 291 2366 1322 2462; baseline -0.002 -25"><span class='ocrx_word' id='word_1_115' title='bbox 291 2371 401 2458; x_wconf 78' lang='lat' dir='ltr'><strong>quenti</strong></span> <span class='ocrx_word' id='word_1_116' title='bbox 417 2366 569 2450; x_wconf 74' lang='lat' dir='ltr'><strong>arincam,</strong></span> <span class='ocrx_word' id='word_1_117' title='bbox 588 2371 645 2462; x_wconf 86' lang='lat' dir='ltr'><strong>sed</strong></span> <span class='ocrx_word' id='word_1_118' title='bbox 663 2371 749 2455; x_wconf 92' lang='lat' dir='ltr'><strong>quod</strong></span> <span class='ocrx_word' id='word_1_119' title='bbox 765 2371 850 2438; x_wconf 93' lang='lat' dir='ltr'><strong>idem</strong></span> <span class='ocrx_word' id='word_1_120' title='bbox 867 2371 953 2460; x_wconf 88' lang='lat' dir='ltr'><strong>Epit.</strong></span> <span class='ocrx_word' id='word_1_121' title='bbox 973 2371 1072 2438; x_wconf 81' lang='lat' dir='ltr'><strong>doctr.</strong></span> <span class='ocrx_word' id='word_1_122' title='bbox 1091 2382 1179 2439; x_wconf 87' lang='lat' dir='ltr'><strong>metr.</strong></span> <span class='ocrx_word' id='word_1_123' title='bbox 1200 2394 1232 2459; x_wconf 89' lang='lat' dir='ltr'><strong>p.</strong></span> <span class='ocrx_word' id='word_1_124' title='bbox 1253 2371 1322 2437; x_wconf 88' lang='grc'><strong>139.</strong></span> 
     </span>
     <span class='ocr_line' id='line_1_20' title="bbox 237 2473 811 2562; baseline -0.003 -22"><span class='ocrx_word' id='word_1_125' title='bbox 237 2507 241 2516; x_wconf 66' lang='lat'>=</span> <span class='ocrx_word' id='word_1_126' title='bbox 290 2475 326 2540; x_wconf 92' lang='lat' dir='ltr'><strong>in</strong></span> <span class='ocrx_word' id='word_1_127' title='bbox 343 2473 547 2562; x_wconf 82' lang='lat' dir='ltr'><strong>sequentibus</strong></span> <span class='ocrx_word' id='word_1_128' title='bbox 566 2473 712 2540; x_wconf 85' lang='lat' dir='ltr'><strong>coniecit:</strong></span> <span class='ocrx_word' id='word_1_129' title='bbox 808 2551 811 2562; x_wconf 28' lang='lat'><strong><em>¹</em></strong></span> 
     </span>
     <span class='ocr_line' id='line_1_21' title="bbox 294 2566 1064 2667; baseline 0.003 -24"><span class='ocrx_word' id='word_1_130' title='bbox 294 2587 295 2590; x_wconf 75' lang='grc'>’</span> <span class='ocrx_word' id='word_1_131' title='bbox 462 2566 531 2643; x_wconf 80' lang='grc' dir='ltr'><strong><em>κᾶτ’</em></strong></span> <span class='ocrx_word' id='word_1_132' title='bbox 549 2574 728 2644; x_wconf 80' lang='grc' dir='ltr'><strong><em>ίσκίδασαν</em></strong></span> <span class='ocrx_word' id='word_1_133' title='bbox 745 2574 873 2666; x_wconf 73' lang='grc' dir='ltr'><strong><em>θερμὸν</em></strong></span> <span class='ocrx_word' id='word_1_134' title='bbox 890 2583 1025 2667; x_wconf 83' lang='grc' dir='ltr'><strong><em>ψυχρῶν</em></strong></span> <span class='ocrx_word' id='word_1_135' title='bbox 1062 2625 1064 2629; x_wconf 68' lang='lat'>,</span> 
     </span>
    </p>

    <p class='ocr_par' dir='ltr' id='par_1_8' title="bbox 462 2675 764 2764">
     <span class='ocr_line' id='line_1_22' title="bbox 462 2675 764 2764; baseline 0.007 -18"><span class='ocrx_word' id='word_1_136' title='bbox 462 2684 561 2747; x_wconf 81' lang='grc' dir='ltr'><strong><em>τοῦτο</em></strong></span> <span class='ocrx_word' id='word_1_137' title='bbox 579 2675 657 2746; x_wconf 73' lang='grc' dir='ltr'><strong><em>καθ’</em></strong></span> <span class='ocrx_word' id='word_1_138' title='bbox 673 2676 764 2764; x_wconf 77' lang='grc' dir='ltr'><strong><em>ὑμῶν</em></strong></span> 
     </span>
    </p>

    <p class='ocr_par' dir='ltr' id='par_1_9' title="bbox 226 2776 1411 4324">
     <span class='ocr_line' id='line_1_23' title="bbox 462 2776 917 2872; baseline 0.005 -25"><span class='ocrx_word' id='word_1_139' title='bbox 462 2777 570 2861; x_wconf 76' lang='grc' dir='ltr'><strong><em>αὗτώς</em></strong></span> <span class='ocrx_word' id='word_1_140' title='bbox 589 2776 703 2872; x_wconf 77' lang='grc' dir='ltr'><strong><em>ὥσπερ</em></strong></span> <span class='ocrx_word' id='word_1_141' title='bbox 721 2787 917 2871; x_wconf 80' lang='grc' dir='ltr'><strong><em>κενεβρείων,</em></strong></span> 
     </span>
     <span class='ocr_line' id='line_1_24' title="bbox 289 2885 1322 2973; baseline -0.001 -21"><span class='ocrx_word' id='word_1_142' title='bbox 289 2885 435 2972; x_wconf 88' lang='lat' dir='ltr'><strong>quamvis</strong></span> <span class='ocrx_word' id='word_1_143' title='bbox 453 2885 616 2972; x_wconf 78' lang='lat' dir='ltr'><strong>ingeniose</strong></span> <span class='ocrx_word' id='word_1_144' title='bbox 635 2888 862 2973; x_wconf 81' lang='lat' dir='ltr'><strong>excogitatum,</strong></span> <span class='ocrx_word' id='word_1_145' title='bbox 885 2897 990 2953; x_wconf 87' lang='lat' dir='ltr'><strong>tamen</strong></span> <span class='ocrx_word' id='word_1_146' title='bbox 1012 2909 1076 2953; x_wconf 92' lang='lat' dir='ltr'><strong>non</strong></span> <span class='ocrx_word' id='word_1_147' title='bbox 1098 2908 1322 2973; x_wconf 78' lang='lat' dir='ltr'><strong>usquequaque</strong></span> 
     </span>
     <span class='ocr_line' id='line_1_25' title="bbox 290 2988 1320 3056; baseline 0 0"><span class='ocrx_word' id='word_1_148' title='bbox 290 2989 503 3056; x_wconf 85' lang='lat' dir='ltr'><strong>necessarium</strong></span> <span class='ocrx_word' id='word_1_149' title='bbox 530 2988 664 3055; x_wconf 87' lang='lat' dir='ltr'><strong>videtur.</strong></span> <span class='ocrx_word' id='word_1_150' title='bbox 716 2988 769 3055; x_wconf 85' lang='lat' dir='ltr'><strong>Ac</strong></span> <span class='ocrx_word' id='word_1_151' title='bbox 795 3012 907 3056; x_wconf 87' lang='lat' dir='ltr'><strong>versus</strong></span> <span class='ocrx_word' id='word_1_152' title='bbox 934 2988 1008 3056; x_wconf 83' lang='lat'><strong>535.</strong></span> <span class='ocrx_word' id='word_1_153' title='bbox 1036 3000 1193 3056; x_wconf 81' lang='lat' dir='ltr'><strong>structura</strong></span> <span class='ocrx_word' id='word_1_154' title='bbox 1219 2992 1320 3056; x_wconf 85' lang='lat' dir='ltr'><strong>minus</strong></span> 
     </span>
     <span class='ocr_line' id='line_1_26' title="bbox 290 3074 1411 3181; baseline 0 -22"><span class='ocrx_word' id='word_1_155' title='bbox 290 3093 406 3159; x_wconf 83' lang='lat' dir='ltr'><strong>usitata</strong></span> <span class='ocrx_word' id='word_1_156' title='bbox 427 3091 555 3177; x_wconf 90' lang='lat' dir='ltr'><strong>quidem</strong></span> <span class='ocrx_word' id='word_1_157' title='bbox 577 3103 640 3170; x_wconf 85' lang='lat' dir='ltr'><strong>est,</strong></span> <span class='ocrx_word' id='word_1_158' title='bbox 667 3114 726 3158; x_wconf 89' lang='lat' dir='ltr'><strong>nec</strong></span> <span class='ocrx_word' id='word_1_159' title='bbox 748 3103 854 3159; x_wconf 85' lang='lat' dir='ltr'><strong>tamen</strong></span> <span class='ocrx_word' id='word_1_160' title='bbox 876 3093 944 3158; x_wconf 91' lang='lat' dir='ltr'><strong>sine</strong></span> <span class='ocrx_word' id='word_1_161' title='bbox 965 3092 1123 3180; x_wconf 81' lang='lat' dir='ltr'><strong>exemplo,</strong></span> <span class='ocrx_word' id='word_1_162' title='bbox 1145 3092 1235 3160; x_wconf 88' lang='lat' dir='ltr'><strong>velut</strong></span> <span class='ocrx_word' id='word_1_163' title='bbox 1255 3094 1321 3181; x_wconf 86' lang='lat' dir='ltr'><strong>Ly·</strong></span> <span class='ocrx_word' id='word_1_164' title='bbox 1399 3074 1411 3114; x_wconf 61' lang='lat' dir='ltr'><strong>‘l</strong></span> 
     </span>
     <span class='ocr_line' id='line_1_27' title="bbox 290 3181 1411 3284; baseline 0 -21"><span class='ocrx_word' id='word_1_165' title='bbox 290 3198 374 3265; x_wconf 88' lang='lat' dir='ltr'><strong>sistr.</strong></span> <span class='ocrx_word' id='word_1_166' title='bbox 396 3194 470 3262; x_wconf 80' lang='lat'><strong>485.</strong></span> <span class='ocrx_word' id='word_1_167' title='bbox 499 3190 545 3273; x_wconf 81' lang='grc' dir='ltr'><strong>ὡς</strong></span> <span class='ocrx_word' id='word_1_168' title='bbox 571 3192 706 3284; x_wconf 86' lang='grc' dir='ltr'><strong><em>αἰσχρὸν</em></strong></span> <span class='ocrx_word' id='word_1_169' title='bbox 734 3190 963 3263; x_wconf 82' lang='grc' dir='ltr'><strong><em>ἀκωδώνιστον</em></strong></span> <span class='ocrx_word' id='word_1_170' title='bbox 990 3193 1055 3263; x_wconf 72' lang='grc' dir='ltr'><strong><em>ἐᾶν.</em></strong></span> <span class='ocrx_word' id='word_1_171' title='bbox 1105 3193 1320 3263; x_wconf 71' lang='lat' dir='ltr'><strong>Illudautcm</strong></span> <span class='ocrx_word' id='word_1_172' title='bbox 1401 3181 1411 3224; x_wconf 59' lang='lat'><strong>³³</strong></span> 
     </span>
     <span class='ocr_line' id='line_1_28' title="bbox 289 3294 1409 3392; baseline -0.002 -26"><span class='ocrx_word' id='word_1_173' title='bbox 289 3313 374 3368; x_wconf 89' lang='lat' dir='ltr'><strong>recte</strong></span> <span class='ocrx_word' id='word_1_174' title='bbox 400 3298 553 3366; x_wconf 86' lang='lat' dir='ltr'><strong>intellexit</strong></span> <span class='ocrx_word' id='word_1_175' title='bbox 579 3298 785 3366; x_wconf 86' lang='lat' dir='ltr'><strong>Hermannns</strong></span> <span class='ocrx_word' id='word_1_176' title='bbox 813 3294 920 3368; x_wconf 76' lang='grc' dir='ltr'><strong><em>αὐτῶν</em></strong></span> <span class='ocrx_word' id='word_1_177' title='bbox 947 3305 1041 3364; x_wconf 78' lang='lat' dir='ltr'><strong>versu</strong></span> <span class='ocrx_word' id='word_1_178' title='bbox 1066 3310 1228 3386; x_wconf 85' lang='lat' dir='ltr'><strong>postremo</strong></span> <span class='ocrx_word' id='word_1_179' title='bbox 1254 3322 1319 3365; x_wconf 90' lang='lat' dir='ltr'><strong>cor·</strong></span> <span class='ocrx_word' id='word_1_180' title='bbox 1399 3333 1409 3392; x_wconf 59' lang='lat' dir='ltr'><em>j</em></span> 
     </span>
     <span class='ocr_line' id='line_1_29' title="bbox 226 3395 1320 3493; baseline -0.002 -22"><span class='ocrx_word' id='word_1_181' title='bbox 226 3425 233 3432; x_wconf 67' lang='lat'>‘</span> <span class='ocrx_word' id='word_1_182' title='bbox 287 3414 416 3493; x_wconf 89' lang='lat' dir='ltr'><strong>ruptum</strong></span> <span class='ocrx_word' id='word_1_183' title='bbox 439 3425 523 3482; x_wconf 84' lang='lat' dir='ltr'><strong>esse3</strong></span> <span class='ocrx_word' id='word_1_184' title='bbox 545 3424 609 3468; x_wconf 93' lang='lat' dir='ltr'><strong>non</strong></span> <span class='ocrx_word' id='word_1_185' title='bbox 631 3402 732 3468; x_wconf 86' lang='lat' dir='ltr'><strong>ausim</strong></span> <span class='ocrx_word' id='word_1_186' title='bbox 755 3411 861 3467; x_wconf 82' lang='lat' dir='ltr'><strong>tamen</strong></span> <span class='ocrx_word' id='word_1_187' title='bbox 882 3401 915 3467; x_wconf 91' lang='lat' dir='ltr'><strong>id</strong></span> <span class='ocrx_word' id='word_1_188' title='bbox 934 3395 1043 3480; x_wconf 78' lang='grc' dir='ltr'><strong><em>αὔτως</em></strong></span> <span class='ocrx_word' id='word_1_189' title='bbox 1060 3401 1211 3483; x_wconf 86' lang='lat' dir='ltr'><strong>scribere,</strong></span> <span class='ocrx_word' id='word_1_190' title='bbox 1237 3399 1320 3488; x_wconf 86' lang='lat' dir='ltr'><strong>quod</strong></span> 
     </span>
     <span class='ocr_line' id='line_1_30' title="bbox 288 3504 1319 3592; baseline -0.004 -18"><span class='ocrx_word' id='word_1_191' title='bbox 288 3532 309 3574; x_wconf 83' lang='lat' dir='ltr'><strong>a</strong></span> <span class='ocrx_word' id='word_1_192' title='bbox 334 3508 454 3574; x_wconf 88' lang='lat' dir='ltr'><strong>comico</strong></span> <span class='ocrx_word' id='word_1_193' title='bbox 482 3527 626 3573; x_wconf 88' lang='lat' dir='ltr'><strong>sermone</strong></span> <span class='ocrx_word' id='word_1_194' title='bbox 652 3504 789 3570; x_wconf 88' lang='lat' dir='ltr'><strong>alienum</strong></span> <span class='ocrx_word' id='word_1_195' title='bbox 817 3514 875 3570; x_wconf 89' lang='lat' dir='ltr'><strong>est.</strong></span> <span class='ocrx_word' id='word_1_196' title='bbox 921 3504 1151 3592; x_wconf 76' lang='lat' dir='ltr'><strong>Aristophanes</strong></span> <span class='ocrx_word' id='word_1_197' title='bbox 1179 3516 1263 3572; x_wconf 86' lang='lat' dir='ltr'><strong>certe</strong></span> <span class='ocrx_word' id='word_1_198' title='bbox 1288 3505 1319 3570; x_wconf 90' lang='lat' dir='ltr'><strong>in</strong></span> 
     </span>
     <span class='ocr_line' id='line_1_31' title="bbox 288 3594 1407 3696; baseline -0.001 -23"><span class='ocrx_word' id='word_1_199' title='bbox 288 3610 344 3679; x_wconf 83' lang='lat' dir='ltr'><strong>tali</strong></span> <span class='ocrx_word' id='word_1_200' title='bbox 369 3610 519 3677; x_wconf 86' lang='lat' dir='ltr'><strong>orationis</strong></span> <span class='ocrx_word' id='word_1_201' title='bbox 547 3607 794 3674; x_wconf 85' lang='lat' dir='ltr'><strong>conformatione</strong></span> <span class='ocrx_word' id='word_1_202' title='bbox 822 3600 927 3685; x_wconf 70' lang='grc' dir='ltr'><strong><em>οὕτως</em></strong></span> <span class='ocrx_word' id='word_1_203' title='bbox 954 3602 1069 3696; x_wconf 77' lang='grc' dir='ltr'><strong><em>ὥσπερ</em></strong></span> <span class='ocrx_word' id='word_1_204' title='bbox 1096 3606 1200 3675; x_wconf 85' lang='lat' dir='ltr'><strong>dicere</strong></span> <span class='ocrx_word' id='word_1_205' title='bbox 1227 3608 1317 3686; x_wconf 85' lang='lat' dir='ltr'><strong>solet3</strong></span> <span class='ocrx_word' id='word_1_206' title='bbox 1400 3594 1407 3632; x_wconf 52' lang='lat'><strong>³³</strong></span> 
     </span>
     <span class='ocr_line' id='line_1_32' title="bbox 286 3698 1408 3806; baseline -0.003 -28"><span class='ocrx_word' id='word_1_207' title='bbox 286 3711 434 3796; x_wconf 90' lang='lat' dir='ltr'><strong>idemque</strong></span> <span class='ocrx_word' id='word_1_208' title='bbox 455 3713 590 3779; x_wconf 78' lang='lat' dir='ltr'><strong>fortasse</strong></span> <span class='ocrx_word' id='word_1_209' title='bbox 612 3711 707 3777; x_wconf 82' lang='lat' dir='ltr'><strong>etiam</strong></span> <span class='ocrx_word' id='word_1_210' title='bbox 729 3711 760 3777; x_wconf 87' lang='lat' dir='ltr'><strong>h.</strong></span> <span class='ocrx_word' id='word_1_211' title='bbox 784 3709 805 3776; x_wconf 89' lang='lat' dir='ltr'><strong>l.</strong></span> <span class='ocrx_word' id='word_1_212' title='bbox 828 3710 1057 3776; x_wconf 87' lang='lat' dir='ltr'><strong>restituendum</strong></span> <span class='ocrx_word' id='word_1_213' title='bbox 1079 3721 1140 3788; x_wconf 87' lang='lat' dir='ltr'><strong>est,</strong></span> <span class='ocrx_word' id='word_1_214' title='bbox 1166 3712 1229 3796; x_wconf 90' lang='lat' dir='ltr'><strong>nisi</strong></span> <span class='ocrx_word' id='word_1_215' title='bbox 1250 3711 1318 3797; x_wconf 90' lang='lat' dir='ltr'><strong>quis</strong></span> <span class='ocrx_word' id='word_1_216' title='bbox 1396 3698 1408 3806; x_wconf 15' lang='lat' dir='ltr'><strong>vl</strong></span> 
     </span>
     <span class='ocr_line' id='line_1_33' title="bbox 288 3801 1406 3903; baseline 0.002 -27"><span class='ocrx_word' id='word_1_217' title='bbox 288 3807 376 3880; x_wconf 79' lang='grc' dir='ltr'><strong><em>αὖιῦν</em></strong></span> <span class='ocrx_word' id='word_1_218' title='bbox 398 3815 640 3899; x_wconf 81' lang='lat' dir='ltr'><strong>praeferendum</strong></span> <span class='ocrx_word' id='word_1_219' title='bbox 661 3822 763 3901; x_wconf 85' lang='lat' dir='ltr'><strong>putet,</strong></span> <span class='ocrx_word' id='word_1_220' title='bbox 787 3823 822 3878; x_wconf 90' lang='lat' dir='ltr'><strong>ut</strong></span> <span class='ocrx_word' id='word_1_221' title='bbox 844 3813 878 3878; x_wconf 87' lang='lat' dir='ltr'><strong>id</strong></span> <span class='ocrx_word' id='word_1_222' title='bbox 895 3837 968 3879; x_wconf 93' lang='lat' dir='ltr'><strong>cum</strong></span> <span class='ocrx_word' id='word_1_223' title='bbox 986 3818 1175 3903; x_wconf 78' lang='grc' dir='ltr'><strong><em>κενεβρείων</em></strong></span> <span class='ocrx_word' id='word_1_224' title='bbox 1193 3815 1318 3881; x_wconf 87' lang='lat' dir='ltr'><strong>coniun-</strong></span> <span class='ocrx_word' id='word_1_225' title='bbox 1399 3801 1406 3840; x_wconf 65' lang='lat'><strong>&#39;³</strong></span> 
     </span>
     <span class='ocr_line' id='line_1_34' title="bbox 287 3916 1411 4002; baseline 0.003 -24"><span class='ocrx_word' id='word_1_226' title='bbox 287 3923 389 4000; x_wconf 87' lang='lat' dir='ltr'><strong>gatur.</strong></span> <span class='ocrx_word' id='word_1_227' title='bbox 433 3916 486 3982; x_wconf 89' lang='lat' dir='ltr'><strong>Ao</strong></span> <span class='ocrx_word' id='word_1_228' title='bbox 511 3918 645 3983; x_wconf 88' lang='lat' dir='ltr'><strong>coniecit</strong></span> <span class='ocrx_word' id='word_1_229' title='bbox 670 3918 731 3983; x_wconf 90' lang='lat' dir='ltr'><strong>hoc</strong></span> <span class='ocrx_word' id='word_1_230' title='bbox 756 3917 877 4002; x_wconf 84' lang='lat' dir='ltr'><strong>ipsum,</strong></span> <span class='ocrx_word' id='word_1_231' title='bbox 909 3927 945 3983; x_wconf 87' lang='lat' dir='ltr'><strong>ut</strong></span> <span class='ocrx_word' id='word_1_232' title='bbox 971 3940 1012 3983; x_wconf 84' lang='lat' dir='ltr'><strong>ex</strong></span> <span class='ocrx_word' id='word_1_233' title='bbox 1038 3917 1158 3983; x_wconf 90' lang='lat' dir='ltr'><strong>Kookii</strong></span> <span class='ocrx_word' id='word_1_234' title='bbox 1184 3917 1317 3984; x_wconf 88' lang='lat' dir='ltr'><strong>editione</strong></span> <span class='ocrx_word' id='word_1_235' title='bbox 1395 3925 1411 3998; x_wconf 57' lang='lat' dir='ltr'><strong>{j</strong></span> 
     </span>
     <span class='ocr_line' id='line_1_35' title="bbox 285 4014 1317 4109; baseline 0.004 -29"><span class='ocrx_word' id='word_1_236' title='bbox 285 4017 435 4101; x_wconf 84' lang='lat' dir='ltr'><strong>cognovi,</strong></span> <span class='ocrx_word' id='word_1_237' title='bbox 457 4018 521 4083; x_wconf 84' lang='lat' dir='ltr'><strong>iam</strong></span> <span class='ocrx_word' id='word_1_238' title='bbox 538 4019 699 4086; x_wconf 84' lang='lat' dir='ltr'><strong>Reiskius.</strong></span> <span class='ocrx_word' id='word_1_239' title='bbox 743 4018 808 4084; x_wconf 90' lang='lat' dir='ltr'><strong>Pro</strong></span> <span class='ocrx_word' id='word_1_240' title='bbox 830 4014 1007 4104; x_wconf 78' lang='grc' dir='ltr'><strong><em>κατάχυσμ’</em></strong></span> <span class='ocrx_word' id='word_1_241' title='bbox 1029 4018 1138 4108; x_wconf 73' lang='grc' dir='ltr'><strong><em>ἕτερον</em></strong></span> <span class='ocrx_word' id='word_1_242' title='bbox 1161 4020 1317 4109; x_wconf 82' lang='lat' dir='ltr'><strong>eleganter</strong></span> 
     </span>
     <span class='ocr_line' id='line_1_36' title="bbox 285 4109 1404 4208; baseline 0.004 -26"><span class='ocrx_word' id='word_1_243' title='bbox 285 4118 432 4183; x_wconf 88' lang='lat' dir='ltr'><strong>Kookius</strong></span> <span class='ocrx_word' id='word_1_244' title='bbox 456 4120 580 4206; x_wconf 82' lang='lat' dir='ltr'><strong>scripsit</strong></span> <span class='ocrx_word' id='word_1_245' title='bbox 606 4121 883 4207; x_wconf 62' lang='lat' dir='ltr'><strong>nonagenarium,</strong></span> <span class='ocrx_word' id='word_1_246' title='bbox 915 4123 970 4208; x_wconf 91' lang='lat' dir='ltr'><strong>qui</strong></span> <span class='ocrx_word' id='word_1_247' title='bbox 997 4132 1095 4203; x_wconf 84' lang='lat' dir='ltr'><strong>recte,</strong></span> <span class='ocrx_word' id='word_1_248' title='bbox 1123 4134 1159 4189; x_wconf 89' lang='lat' dir='ltr'><strong>ut</strong></span> <span class='ocrx_word' id='word_1_249' title='bbox 1185 4125 1315 4197; x_wconf 89' lang='lat' dir='ltr'><strong>videtur,</strong></span> <span class='ocrx_word' id='word_1_250' title='bbox 1401 4109 1404 4124; x_wconf 71' lang='grc'><strong><em>’</em></strong></span> 
     </span>
     <span class='ocr_line' id='line_1_37' title="bbox 286 4219 1411 4324; baseline 0.004 -37"><span class='ocrx_word' id='word_1_251' title='bbox 286 4219 397 4307; x_wconf 71' lang='grc' dir='ltr'><strong><em>ἕτερον</em></strong></span> <span class='ocrx_word' id='word_1_252' title='bbox 432 4220 507 4285; x_wconf 81' lang='lat' dir='ltr'><strong>ferri</strong></span> <span class='ocrx_word' id='word_1_253' title='bbox 541 4243 605 4287; x_wconf 92' lang='lat' dir='ltr'><strong>non</strong></span> <span class='ocrx_word' id='word_1_254' title='bbox 638 4246 733 4308; x_wconf 88' lang='lat' dir='ltr'><strong>posse</strong></span> <span class='ocrx_word' id='word_1_255' title='bbox 769 4226 1007 4304; x_wconf 82' lang='lat' dir='ltr'><strong>animadvertit3</strong></span> <span class='ocrx_word' id='word_1_256' title='bbox 1052 4226 1177 4294; x_wconf 81' lang='lat' dir='ltr'><strong>facilius</strong></span> <span class='ocrx_word' id='word_1_257' title='bbox 1213 4238 1316 4293; x_wconf 83' lang='lat' dir='ltr'><strong>tamen</strong></span> <span class='ocrx_word' id='word_1_258' title='bbox 1397 4239 1411 4324; x_wconf 21' lang='lat' dir='ltr'><strong>y(</strong></span> 
     </span>
    </p>
   </div>
   <div class='ocr_carea' id='block_1_4' title="bbox 0 0 1434 4909">
    <p class='ocr_par' dir='ltr' id='par_1_10' title="bbox 0 0 1434 4909">
     <span class='ocr_line' id='line_1_38' title="bbox 0 0 1434 4909; baseline 0 2"><span class='ocrx_word' id='word_1_259' title='bbox 0 0 1434 4909; x_wconf 95' lang='lat' dir='ltr'><strong> </strong></span> 
     </span>
    </p>
   </div>
  </div>
 </body>
</html>
