2859 4909
569 412 668 468 PAX.

491 585 494 592 =
543 548 691 606 vs.1231.

274 658 358 742 ποία
376 648 409 720 δ’
425 648 603 742 ἀποψήσει
620 651 695 723 ποτ’
712 645 951 741 ὦμαθέστατες

179 772 243 839 Νοο
257 783 339 840 reete
360 774 440 841 liaeo
461 775 683 862 interpretatur
699 777 893 845 novissimus
911 778 1027 859 editor,
1052 786 1138 871 ποίᾳ

24 885 26 936 t
123 898 174 962 pro
193 881 311 965 ποτέρᾳ
336 899 381 946 so.
402 880 489 964 χειρὶ
515 878 636 944 dietum
662 902 734 947 esse
760 890 911 948 statuens.
955 882 1027 950 Im0
1052 890 1138 974 ποίᾳ

122 1002 173 1065 pro
186 986 254 1059 πῶς
270 980 319 1046 νε]
336 985 459 1062 ποίως,
483 981 571 1066 quod
587 981 628 1048 ab
645 981 826 1049 Attioomm
843 1007 905 1050 usu
922 984 1059 1052 alienum
1077 998 1138 1067 est,

120 1081 189 1147 dixit
211 1092 309 1169 poeta.
353 1084 394 1150 In
421 1083 627 1169 sequentibus
653 1086 730 1174 τῃδὶ
757 1088 814 1153 καὶ
838 1087 918 1176 τῇδε
944 1088 985 1154 δε
1010 1088 1137 1176 duplioe

119 1184 238 1252 thoracis
251 1197 406 1274 apertura,
425 1210 482 1274 per
493 1210 590 1272 quam
604 1188 735 1255 brachia
746 1201 943 1270 exseruntur,
960 1191 1138 1280 intelligen-

120 1287 185 1353 dum
202 1299 262 1369 est3
279 1290 360 1356 vidit
376 1290 438 1358 hoo
455 1292 518 1357 iam
538 1290 730 1376 Brunokius.

544 1477 595 1534 Vs.
614 1478 692 1533 1262.

445 1580 476 1649 εἰ
494 1582 701 1669 διαπρίσειεν
719 1583 804 1667 δίχα,

181 1678 309 1769 λάβοιμ’
326 1680 367 1751 ἂν
386 1680 456 1752 αὕτ’
472 1683 506 1765 ἐς
520 1685 668 1775 χάρακας
687 1684 802 1753 ἕκατον
818 1692 877 1775 τῆς
895 1686 1049 1777 δραχμῆς.

170 1805 302 1892 Legitur
318 1805 415 1893 vulgo
433 1805 683 1893 διαπρισθεῖεν,
702 1806 788 1891 quod
806 1828 903 1891 quum
922 1818 1029 1896 aperte
1046 1809 1138 1876 vitio·
1168 1895 1171 1900 ‚

116 1908 242 1986 sumsit,
260 1908 374 1996 scripsi
391 1908 608 1995 irruptorem.
648 1909 764 1975 Malim
781 1933 865 1977 nuno
883 1910 1114 1999 διοπρισθείη.

546 2094 598 2151 Vs.
615 2094 693 2150 1265.

228 2196 266 2287 νὴ
284 2196 342 2267 τὸν
356 2183 426 2281 ’Δίζ
446 2195 493 2279 ὥς
509 2196 552 2266 τὰ
570 2195 685 2266 παιδί’
700 2196 763 2288 ἤδη
779 2197 941 2288 ’ξέρχεται

230 2299 435 2391 οὐρησόμενα
452 2300 494 2368 τὰ
512 2308 577 2370 τῶν
596 2300 781 2390 ἐπικλήτων
799 2299 896 2389 δεῦρ’,
915 2303 969 2370 ἵνα

230 2399 299 2472 ἅττ’
315 2401 433 2494 ᾄσεται
450 2406 727 2494 προαναβάληταί
743 2431 803 2491 μοι
821 2407 939 2473 δοκεῖν.

170 2523 205 2591 Si
223 2525 370 2591 cantandi
386 2525 561 2613 perieulum
583 2526 697 2591 facturi
715 2527 917 2593 convivarum
936 2526 1026 2613 pueri
1042 2527 1138 2614 prod·

113 2637 189 2707 eunt,
215 2629 412 2716 ineptissime
435 2629 532 2695 iidem
553 2629 717 2717 mingendi
739 2651 836 2696 causa
857 2652 984 2695 scenam
1001 2630 1137 2697 intrasse

113 2727 261 2810 dicuntum
295 2730 377 2797 adde
402 2732 489 2818 quod
514 2730 666 2798 illiberale
692 2741 724 2797 et
750 2754 900 2818 spurcum
925 2731 987 2799 hoo
1011 2733 1137 2799 iocandi

113 2855 202 2919 genus
217 2845 276 2914 est,
294 2858 313 2900 a
332 2857 395 2920 quo
409 2834 511 2900 aliena
524 2834 586 2900 fuit
598 2834 824 2922 Aristophanis
837 2835 954 2922 poesis.
993 2835 1136 2902 Multum

25 2933 27 3014 ἶ
113 2933 145 3000 ab
163 2937 211 3004 his
233 2937 383 3004 differunt
404 2960 487 3023 quae
508 2937 608 3004 habes
630 2961 658 3005 e.
678 2960 705 3005 o.
725 2938 759 3003 in
777 2936 973 3025 Thesmoph.
992 2940 1066 3005 611.
1086 2962 1134 3024 sq.

25 3029 27 3124 ξ
113 3035 231 3124 aliisque
252 3040 342 3106 louis.
385 3040 459 3107 Non
476 3041 686 3107 dubitandum
708 3042 806 3129 igitur
831 3041 908 3127 quin
930 3036 1136 3128 οὐρησόμενα

25 3133 26 3172 ³
111 3140 176 3207 vitio
196 3139 333 3222 laboret,
361 3144 451 3209 cuius
477 3144 548 3211 loco
569 3144 655 3229 quod
677 3143 838 3231 Bergkius
859 3143 1015 3223 tentabat,
1041 3169 1137 3229 μινν-

25 3249 26 3322 ΐ
113 3242 254 3329 ριζόμενα
277 3248 482 3324 cantitantes,
518 3246 560 3313 ad
582 3270 711 3313 sensum
733 3246 854 3313 bonum
876 3255 938 3324 est,
973 3269 1037 3313 non
1059 3247 1135 3312 item

113 3346 146 3409 ad
170 3349 352 3415 mutationis
383 3350 586 3429 facilitatem
623 3373 661 3415 ao
687 3349 833 3417 desidero
860 3357 981 3414 eertum
1011 3348 1135 3413 mediae
1206 3405 1219 3422 ,

25 3443 27 3524 ξ
112 3446 218 3518 formae
237 3451 427 3538 exemplum.
473 3450 685 3519 Soribendum
702 3463 780 3539 puto
799 3447 1017 3540 δρχησόμενα,
1041 3449 1136 3516 salta-

25 3539 27 3608 Γ
112 3552 174 3631 turi,
195 3556 217 3623 i.
236 3578 264 3621 e.
286 3554 448 3621 recitaturi
464 3555 498 3620 iu
515 3556 660 3621 convivio
678 3556 819 3642 proxime
838 3552 1035 3620 celebrando.
1080 3551 1134 3620 Cf.

26 3691 28 3724 1
114 3650 294 3745 Thesmoph.
311 3658 405 3723 1177.
423 3652 443 3745 ἦ
462 3669 546 3738 παῖς
564 3656 677 3743 ἔμελλε
694 3660 911 3744 προμελετᾶν,
932 3651 1134 3745 ὀρχησομένη

26 3763 28 3834 ᾗ
111 3753 162 3843 γὰρ
175 3756 283 3850 ἔρχεθ’
295 3756 341 3840 ὥς
356 3754 477 3850 ἄνδρας
489 3760 591 3841 τινάς.
630 3761 729 3827 Edita
743 3762 897 3849 scriptura
909 3782 974 3826 non
987 3768 1137 3846 suspectu

26 3881 28 3904 ²
112 3855 279 3949 fuisseque
296 3863 452 3929 Elmsleio
474 3864 516 3929 ud
534 3862 703 3951 Sophoclis
723 3862 807 3932 Oed.
827 3863 897 3930 Col.
919 3863 991 3929 177.
1009 3885 1041 3950 p.
1061 3856 1134 3928 108.

26 3997 27 4064 η
112 3980 200 4047 neque
218 3966 343 4033 Cobeto
361 3966 443 4033 Nov.
461 3967 554 4034 Leet.
572 3990 605 4054 p.
625 3966 699 4033 255.

506 4202 721 4213 ....-—.——-

26 4387 28 4450 η
156 4372 257 4430 Mainake,
271 4378 382 4422 l'tadiciee
391 4378 503 4432 aristoph.
