2859 4909
556 380 742 438 PLUTUS.

574 520 623 576 Vs.
643 521 720 575 1098.

560 620 644 691 ἀλλὰ
663 626 747 713 δῆτα
764 622 803 693 τὸ
822 624 943 713 θύριον

344 725 573 815 φθεγγόμενον
592 722 700 807 ἄλλως
717 729 868 815 κλαυσιᾷ.

193 846 266 911 Non
282 847 503 913 intellexeruut
519 848 600 915 haee
616 847 714 914 verba
732 848 881 928 editores,
905 870 1040 933 quorum
1058 847 1163 914 Brun-

130 950 219 1015 ckius
242 951 335 1016 vertit
352 952 494 1016 ostiolum
511 955 556 1016 aio
573 964 680 1017 temen
701 954 804 1016 sonita
821 954 901 1017 adito
917 954 1020 1038 pemit.
1066 948 1163 1018 Simi-
1198 969 1201 974 ’

129 1052 200 1117 liter
220 1053 329 1131 eeteri,
352 1053 408 1138 qui
430 1076 541 1120 omnes
558 1056 716 1121 κλαοοιᾶν
733 1053 774 1119 de
790 1054 904 1119 ianuae
921 1054 1054 1121 stridore
1071 1054 1162 1119 intel-

4 1146 6 1161 ²
128 1155 281 1221 lexerunt.
323 1154 445 1223 Sensus
463 1167 513 1223 est
528 1161 625 1222 ιὀιιιιο
643 1171 750 1223 terram
766 1160 918 1243 crepitans
935 1158 1104 1244 vapulabit,
1121 1156 1162 1223 de

129 1281 192 1344 quo
209 1259 359 1325 admonui
377 1260 418 1324 ad
435 1260 464 1324 F
464 1284 564 1347 ragm.
585 1258 678 1326 Com.
698 1282 802 1347 graec.
822 1260 884 1324 vol.
902 1260 947 1324 ΙΙ.
967 1283 998 1345 p.
1018 1259 1091 1325 742.

572 1446 623 1501 Vs.
645 1446 721 1501 1103.

284 1546 353 1616 ἀλλ’
370 1548 496 1617 ἐκκάλει
513 1548 570 1618 τόν
588 1550 754 1637 δεσπότην
771 1554 892 1636 τρέχων
909 1549 1001 1633 ταχό.

192 1670 257 1736 Pro
273 1674 395 1758 τρέχων
412 1671 619 1757 expectabam
636 1672 799 1748 aoristum,
818 1672 928 1757 quoin
942 1671 998 1736 tali
1011 1670 1160 1748 oratione,
1237 1682 1240 1688 '

130 1775 157 1839 si
172 1785 257 1840 reete
275 1775 414 1853 memini,
433 1784 613 1841 constanter
630 1774 862 1860 Aristophanes
881 1775 989 1840 utitur.

571 1960 621 2016 Vs.
640 1960 716 2016 1110.

299 2061 318 2151 ἡ
336 2067 465 2152 γλῶττα
483 2071 531 2152 τῷ
548 2067 661 2154 κήρυκι
677 2065 805 2133 τούτων
821 2069 982 2149 τέμνεται.

190 2185 283 2250 Haeo
308 2185 530 2271 plerorumque
558 2187 650 2253 oodd.
678 2187 919 2273 scriptumest,
946 2186 980 2251 in
1002 2185 1084 2252 Rau.
1110 2189 1161 2271 γι.

4 2319 15 2328 ··
126 2313 217 2355 νεται
235 2288 455 2375 scriptumest
473 2290 699 2375 idemquepro
717 2289 805 2354 varia
827 2288 847 2354 l.
870 2287 966 2354 habet
983 2287 1026 2355 V.
1072 2287 1160 2353 Hine

126 2397 270 2479 γίγνεται
287 2393 516 2458 restituendum
538 2415 609 2458 esse
632 2393 770 2457 affirmat
786 2390 988 2470 Dindorfius‚
1011 2390 1160 2475 idemque

126 2496 263 2560 restituit
280 2494 451 2582 Bergkius.
495 2496 581 2561 Mihi
598 2495 773 2561 sententiae
795 2495 857 2560 looi
878 2495 971 2561 unice
993 2494 1160 2560 convenire

126 2598 252 2663 videtur
285 2603 451 2681 τέμνεται,
487 2599 574 2684 quod
608 2598 757 2684 ambigue
789 2599 907 2663 dietum
938 2608 1000 2677 est,
1038 2598 1095 2663 sed
1125 2608 1161 2661 ut

125 2702 329 2787 praecidendi
367 2702 418 2767 vel
450 2701 617 2767 excidendi
652 2700 842 2788 significatio
877 2700 1067 2787 praevaleat.
1120 2699 1161 2764 In

126 2814 278 2889 sequente
296 2827 391 2870 versu
410 2801 493 2890 ἀτὰρ
513 2801 570 2870 διὰ
587 2808 621 2870 τό
639 2800 678 2891 δὴ
696 2799 790 2869 ταῦτ’
812 2802 1022 2889 ἐπιβουλεύει
1038 2813 1159 2881 ποιεῖν,

126 2907 259 2973 offendit
291 2904 348 2973 διὰ
378 2912 412 2973 τί
442 2909 508 2973 istu
538 2908 571 2972 in
603 2931 625 2972 α
654 2907 768 2992 posito.
818 2906 871 2972 Ao
901 2908 1062 2973 turbatum
1089 2928 1160 2972 esse

124 3010 245 3095 aliquid
279 3011 374 3076 etiam
410 3011 535 3076 oodioes
571 3010 761 3089 ostendunt,
798 3008 837 3097 δὴ
873 3010 954 3077 Rav.
991 3020 1023 3075 et
1056 3008 1159 3075 Dorv.

124 3112 257 3194 habent,
286 3136 347 3180 om.
371 3111 413 3179 V.
436 3124 468 3178 et
489 3113 698 3192 Mutinensis,
727 3115 822 3178 ceteri
842 3137 879 3198 γε
901 3112 1028 3177 habent.
1072 3111 1160 3176 Hine

124 3217 232 3283 neseio
255 3240 296 3282 an
318 3216 520 3282 scribendum
543 3216 585 3281 sit
606 3212 689 3300 ἀτὰρ
710 3212 765 3301 τιὴ
785 3213 824 3302 δὴ
842 3210 931 3281 ταῦτ’
952 3212 1159 3299 ἐπιβουλεύει

125 3330 246 3398 ποιεῖν,
264 3320 306 3385 ad
323 3342 405 3405 quae
422 3320 538 3406 regerit
555 3317 737 3384 Mercurius
751 3313 824 3406 ὁτιὴ
839 3317 1011 3385 δεινότατα
1024 3305 1158 3383 πάντων

5 3407 13 3433 ⁶
124 3422 328 3509 πραγμάτων
346 3422 515 3508 εἴργασθε.
560 3420 682 3508 Aperte
705 3418 762 3487 διὰ
783 3421 968 3510 glossatoris
986 3430 1045 3486 est.
1090 3418 1160 3485 He-

125 3526 254 3612 syohius
276 3530 343 3613 Τιίγ
363 3526 449 3606 (sie)·
469 3522 525 3591 διὰ
542 3528 590 3605 τί,
610 3524 665 3590 ἵνα
682 3528 727 3589 τί.

568 3694 617 3750 Vs,
638 3694 715 3749 1115.

262 3795 300 3866 οὗ
319 3799 480 3886 ψαιστόν,
500 3795 559 3882 οὐχ
578 3799 710 3888 ἱερεῖον,
730 3795 789 3865 οὐκ
807 3794 875 3865 ἄλλ’
893 3795 1013 3865 osteo.

186 3919 308 3985 Iniuria
333 3920 392 3985 viri
418 3920 503 3985 dooti
528 3919 613 3985 huno
641 3943 769 3985 versum
797 3919 938 4004 spurium
965 3941 1036 3985 esse
1064 3927 1096 3984 et
1118 3940 1159 3983 ex

122 4047 170 4088 vs.
195 4023 268 4089 138.
291 4022 458 4089 confictum
486 4024 620 4107 ideoque
643 4023 813 4088 delendum
840 4022 1030 4087 existimant
1075 4019 1158 4105 Quis

123 4127 207 4192 enim
229 4125 337 4191 eredat
359 4126 555 4192 Mercurium
577 4127 611 4191 id
633 4137 757 4192 tantum
778 4125 933 4202 doluisse,
957 4125 1043 4210 quod
1064 4146 1158 4188 nemo

121 4252 207 4295 nuno
230 4230 409 4296 mortalium
435 4252 539 4315 neque
561 4230 636 4295 thus
658 4252 717 4295 nec
739 4229 879 4295 lauream
903 4229 963 4294 diis
986 4225 1159 4294 sacrificet?
