2859 4909
549 366 707 423 RANAE.

553 504 603 560 Va.
622 504 699 559 1301.

102 668 105 674 ,
224 600 322 690 οὗτος
341 606 373 678 δ’
389 605 459 677 ἀπὸ
477 608 612 677 πάντων
627 608 687 694 μὲν
704 613 814 697 φέρει,
834 608 1023 698 πορνιδίων,

224 715 363 781 σκολίων
380 713 545 801 Μιλήτου,
565 716 707 800 καρικιῦν
726 706 933 799 αὐλημάτων.

180 834 217 899 In
241 835 291 900 his
318 832 499 919 πορνιδίων
526 854 629 918 neque
660 831 835 899 sententiae
864 854 968 917 neque
997 835 1146 901 metricae

125 938 180 1025 legi
207 936 480 1004 aooommodatum
509 957 581 1003 ease
611 956 706 1002 nemo
737 956 802 1001 non
826 935 924 1001 videt.
976 935 1146 1005 Praeterea

124 1041 173 1123 μὲν
188 1041 260 1107 ferri
276 1062 341 1107 uon
357 1050 471 1127 potest,
490 1039 576 1125 quod
593 1039 648 1125 qui
665 1037 821 1105 intellexit
836 1037 999 1106 Porsonus
1017 1063 1145 1107 versum

22 1141 23 1224 J
125 1142 161 1209 ita
175 1142 309 1209 refinxit:

22 1323 23 1332 ρ
224 1235 321 1325 οὗτος
339 1240 370 1313 δ’
387 1239 457 1312 ἀπὸ
475 1243 609 1313 πάντων
628 1243 808 1329 πορνιδίων
824 1244 906 1332 μέλη
925 1248 1031 1334 φέρει,

22 1385 23 1394 ¹
125 1357 229 1442 inquo
251 1368 288 1425 ut
309 1357 350 1424 de
371 1357 469 1423 nimia
489 1356 671 1423 mutationis
693 1355 827 1423 audacia
847 1367 983 1437 taceam,
1010 1356 1145 1426 πάντων

21 1513 22 1538 ,
126 1482 187 1526 cum
215 1459 396 1545 πορνιδίων
428 1459 632 1527 coniunctum
663 1461 771 1526 neseio
802 1460 962 1546 quomodo
987 1459 1143 1547 displicet.

21 1625 22 1650 ζ
125 1562 188 1630 Ηοο
211 1563 339 1649 quidem
366 1563 457 1642 vitio,
493 1563 521 1629 ai
546 1572 652 1629 tamen
680 1563 791 1629 vitium
817 1574 879 1643 est,
915 1574 1001 1634 earet
1025 1563 1146 1631 Koekii

21 1711 22 1718 ι
125 1666 290 1755 πορνιδίων
307 1666 341 1733 in
357 1671 541 1755 παροινίων
562 1665 713 1732 mutantis
732 1665 925 1747 emendatio,
948 1676 981 1733 at
996 1666 1146 1754 relinqui·

123 1780 166 1835 tur
184 1792 263 1855 quae
283 1769 420 1856 relinqui
442 1791 506 1835 non
527 1779 633 1856 potest
653 1768 808 1856 particula
829 1774 899 1855 μέν.
942 1768 1027 1837 Mihi
1051 1781 1145 1859 poeta

83 1893 85 1896 ’
124 1872 277 1961 suipsiase
294 1873 432 1940 videtur:

190 1965 287 2056 οὗτος
306 1971 336 2043 δ’
354 1971 423 2043 ἀπὸ
442 1973 577 2042 πάντων
594 1978 790 2063 μεταφέρει,
808 1975 1006 2065 πορνῳδιῶν
1024 2014 1066 2024 -

123 2086 187 2155 Ηοο
215 2088 343 2155 nomine
374 2087 520 2173 quamvis
553 2087 630 2153 alias
662 2108 726 2153 non
756 2086 838 2152 leuto
869 2087 946 2153 satis
978 2089 1144 2157 commode

123 2192 216 2257 voeari
232 2201 405 2278 potuerunt
421 2190 621 2258 meretricum
638 2188 871 2268 cantiunculae,
890 2189 1000 2275 quales
1018 2213 1045 2258 e.
1065 2214 1092 2260 ο.
1110 2193 1143 2258 in

121 2293 343 2361 Ecclesiazusis
369 2292 534 2361 habemus.
578 2292 691 2378 Neque
717 2291 912 2381 πορνῳδίων
938 2304 1048 2361 contra
1068 2318 1145 2362 ana·

119 2397 227 2486 logiam
244 2397 350 2464 fuerit.

552 2564 603 2620 Vs.
622 2516 705 2619 1403..

255 2667 308 2761 ἐφ’
324 2665 471 2761 ἅρματος
488 2666 550 2757 γὰρ
570 2664 660 2754 ἅρμα
677 2670 733 2735 καὶ
750 2675 851 2760 νεκρῷ
869 2670 990 2761 νεκρός.

18 2875 19 2884 ¹
172 2794 245 2861 Non
264 2794 332 2859 sine
349 2792 524 2859 offensione
541 2801 591 2858 est
607 2790 734 2856 diversa
747 2790 889 2857 eiusdem
902 2793 1143 2880 praepositionis

116 2897 273 2964 ineodem
290 2918 385 2962 versu
404 2894 594 2962 coniunctio.
634 2893 772 2980 Legitur
788 2894 841 2960 hie
857 2895 1015 2985 Aeschyli
1032 2920 1143 2964 versus

18 3065 19 3076 2
116 3001 203 3067 etiam
235 2998 322 3085 apud
354 2996 463 3065 Schol.
495 2995 659 3083 Euripidis
691 2995 815 3063 Phoen.
849 2998 944 3064 1194.
975 2999 1032 3066 ubi
1062 3000 1143 3069 alius

18 3089 19 3098 ἵ
116 3126 219 3171 versus
243 3101 370 3169 additur
390 3100 496 3168 ἵπποι
518 3095 550 3166 δ’
571 3095 623 3187 ἐφ’
643 3097 766 3178 ἵπποις
783 3088 867 3186 ἦσαν
884 3097 1141 3191 δμπεφορμίνοι.

114 3206 232 3274 Forsan
264 3204 465 3272 scribendum
497 3213 547 3270 est
578 3197 633 3291 ἐφ’
663 3196 810 3288 ἅρματος
835 3199 897 3288 γὰρ
929 3197 1032 3289 ἅρμα,
1063 3208 1142 3295 περὶ

115 3315 211 3401 νεκρῷ
234 3307 356 3394 νεκρός.

549 3475 600 3531 Vs.
619 3474 697 3529 1415.

221 3581 278 3650 ἐὰν
296 3583 333 3650 δὲ
348 3588 464 3672 κρίνω,·
507 3590 581 3648 ΠΛ.
603 3575 661 3646 τὸν
679 3576 789 3664 ἕτερον
806 3577 916 3664 λαβὼν
934 3576 1025 3659 ἄπει,

222 3683 384 3772 ὁπότερον
403 3681 443 3752 δν
460 3688 583 3774 κρίνῃς,
603 3678 642 3750 ἵν’
660 3681 762 3770 ’ἔλθῃς
777 3679 823 3770 μὴ
841 3683 956 3771 μάτην.

172 3808 300 3874 Horum
317 3828 467 3872 versuum
485 3805 628 3883 alterum,
647 3826 743 3890 quem
762 3803 904 3890 spurium
921 3826 993 3871 esse
1006 3804 1145 3872 dubitari

113 3932 172 3976 non
193 3919 313 3998 potest,
335 3907 505 3975 delendum
526 3908 645 3995 putavi.
689 3906 780 3972 Idem
798 3906 975 3973 Hamakeri
992 3908 1145 3976 iudicium

18 4063 19 4066 ¹
115 4022 167 4078 est.
213 4013 279 4097 Qui
303 4011 410 4078 statim
433 4011 574 4097 sequitur
595 4033 723 4089 versus,
745 4010 779 4076 in
801 4031 839 4077 eo
862 4011 889 4076 si
906 4011 1069 4079 πύθεσθε
1085 4035 1144 4099 pro

18 4173 19 4194 p
114 4113 295 4204 imperativo
313 4114 478 4202 accipitur,
500 4113 620 4180 nullam
637 4113 732 4192 video
754 4134 901 4195 eausam,
924 4137 981 4182 eur
998 4115 1145 4185 Hirsehi·

18 4199 19 4272 Ῐ
118 4218 185 4303 glus
202 4218 368 4306 πύθησθε
385 4216 534 4303 requirat.
912 4319 931 4356 ὕ

866 4321 906 4385 12
