2859 4909
464 321 775 386 ‚LYSISTRATA

563 494 613 551 Vs.
631 496 691 550 815.

327 628 413 700 οᾶτω
430 632 509 713 τοὺς
526 630 691 721 πονηροὺς
709 630 830 723 ἄνδρας
849 631 901 703 ἀεὶ
923 707 928 718 x

323 732 443 817 ’κεῖνος
460 732 536 822 ὑμῖν
555 732 732 821 ἄντεμίσει.

142 841 145 844 ¹
181 876 230 941 Ita
258 875 439 963 transposui
470 874 549 942 haec
580 874 677 942 verba
706 897 789 961 quae
819 875 916 964 vulgo
946 876 1007 943 hoc
1038 874 1147 943 ordine

22 981 23 1040 l
130 980 260 1067 leguntur
282 972 369 1045 σᾶτω
391 989 497 1057 κεῖνος
520 973 597 1062 ὑμῖν
619 973 786 1063 ἀντεμίσει
807 976 884 1060 τοὺς
905 975 1068 1067 πονηροὺς
1092 974 1148 1047 ἄν-

22 1119 23 1126 1
131 1081 197 1167 δρας
213 1077 277 1162 ἄεί,
303 1081 394 1149 cuius
411 1082 457 1148 rei
473 1081 556 1149 hanc
574 1104 704 1150 causam
721 1082 833 1162 habui,
856 1082 942 1168 quod
957 1083 1002 1148 ita
1019 1082 1148 1148 demum

130 1185 287 1252 antithetici
304 1207 430 1251 versus:

330 1299 417 1372 οᾶτω
435 1301 496 1385 τὰς
512 1311 667 1392 γυναῖκας
685 1303 867 1392 ἐβδελύχθη

22 1491 23 1500 ¹
325 1404 457 1488 ’κεῖνσς,
477 1403 572 1494 ἡμεῖς
589 1405 616 1475 τ’
633 1404 726 1476 οὐδὲν
744 1397 849 1497 ἦττον,

130 1539 191 1614 apte
207 1538 299 1613 atque
322 1539 357 1594 ut
379 1528 512 1595 decebat
533 1529 595 1595 illis
614 1529 752 1617 oppositi
770 1540 853 1595 sunt.
897 1528 1066 1596 Praeterea
1082 1539 1150 1595 κεῖ·

131 1654 177 1710 νος
191 1642 320 1717 otroque
338 1632 410 1698 loco
427 1654 501 1699 cum
519 1632 668 1699 coronide
686 1632 809 1718 scripsi.
855 1669 857 1672 ·

568 1871 619 1927 Vs.
636 1871 697 1926 831.
787 1861 790 1864 “

211 2004 300 2095 ἄνδρ’
317 2005 406 2096 ἄνδρ’
423 2007 491 2098 ὁρῶ
510 1975 694 2099 προσιόντα
712 2012 1045 2099 παραπεπληγμένον,
1121 2062 1125 2069 ,

210 2125 281 2192 τοῖς
298 2118 359 2200 τῆς
372 2108 565 2203 Ἀφροδίτης
583 2111 708 2202 ὀργίοις
727 2113 927 2201 εἰλημμένον.
950 2207 954 2208 ⁷
1053 2175 1056 2184 .

182 2249 254 2317 Non
293 2261 425 2338 apparet
462 2252 547 2319 unde
587 2261 784 2338 compertum
822 2248 938 2316 habeat
969 2251 1153 2338 Lysistrata

22 2337 23 2384 l
131 2354 230 2432 tirum,
247 2377 343 2439 quem
362 2353 512 2422 accedere
526 2355 622 2433 videt,
640 2355 777 2424 Veneris
790 2353 887 2442 orgiis
901 2355 1056 2442 percitum
1069 2378 1151 2422 esse.

131 2455 215 2539 Quod
244 2481 319 2525 cum
350 2480 391 2524 ex
417 2482 469 2540 eo,
506 2459 593 2544 quod
619 2458 671 2524 ille
697 2480 763 2523 non
787 2466 874 2523 recta
898 2458 951 2523 via
976 2457 1152 2537 incedebat,

22 2607 23 2618 .
130 2560 203 2628 nullo
224 2571 319 2649 pacto
342 2561 490 2649 colligere
511 2562 662 2649 potuerit,
690 2561 870 2648 suspicatus
892 2583 964 2626 sum
984 2555 1025 2626 in*
1044 2585 1154 2649 acpr-

131 2665 348 2752 πεπληγμένον
369 2664 488 2750 aliquid
514 2664 625 2743 latere,
652 2687 693 2731 ex
715 2686 779 2749 quo
803 2664 1015 2730 coniecturam
1041 2686 1154 2752 capere

130 2768 229 2851 potuit.
273 2768 345 2834 mei
361 2766 467 2845 fallor,
492 2767 637 2835 Cinesias
660 2766 805 2833 cruribus
827 2767 1007 2835 divaricatis
1029 2769 1155 2835 incede-

131 2866 190 2948 bat,
214 2893 345 2959 prorsus
369 2880 404 2935 ut
425 2871 673 2936 Lacedaemonii
693 2870 729 2935 in
750 2870 810 2936 hac
832 2871 903 2957 ipsa
923 2869 1046 2952 fabula,
1072 2894 1154 2958 quos

131 2972 229 3038 eodem
242 2974 353 3041 morbo
367 2973 545 3041 laborantes
560 2974 711 3062 graphice
726 2972 876 3040 describit
889 2985 982 3061 poeta
996 2999 1044 3042 vs.
1061 2975 1154 3042 1003.

132 3062 205 3165 ᾇπερ
239 3079 511 3166 λυχνοφορίοντες
546 3072 811 3166 ὗποκεκύφαμες.
862 3077 975 3163 Itaque
1011 3079 1156 3165 suspicor

22 3257 23 3260 ρ
133 3177 367 3266 Aristophanem
385 3180 564 3267 scripsisse:

232 3295 321 3386 ἄνδρ’
338 3295 426 3388 ἄνδρ’
443 3296 511 3388 ὁρῶ
531 3300 716 3386 προσιόντα
736 3301 1024 3387 διαπεπλιγμένον,

22 3493 23 3504 ,
134 3437 188 3499 quo
211 3421 315 3505 ipsum
336 3420 414 3487 illud
440 3422 527 3506 quod
553 3419 699 3487 volebam
726 3421 889 3508 aptissime
910 3420 1079 3499 indicatur,
1107 3424 1156 3487 di·

22 3559 23 3614 η
136 3525 263 3589 comatis
284 3525 418 3610 pedibus
444 3528 642 3601 ι’πιιδιοίιοι,
678 3535 714 3590 ut
740 3534 789 3591 est
815 3524 902 3611 apud
926 3522 1156 3590 Archilochum

22 3617 23 3666 1
137 3620 152 3684 f
197 3648 236 3691 m.
254 3628 307 3694 60.

22 3715 23 3750 ’
149 3644 223 3811 ragoti
241 3747 345 3835 φιλέω
364 3752 465 3834 μέγαν
484 3745 666 3834 στρατηγὸν
684 3742 760 3815 οὐδὲ
779 3746 1068 3836 διαπεπλιγμένον.

22 3871 23 3874 ’
140 3858 182 3927 De
204 3864 261 3931 hoc
286 3867 383 3933 verbo
409 3867 500 3933 multi
527 3869 640 3948 multa,
666 3869 883 3936 recentissime
910 3880 1012 3937 aetate
1039 3872 1156 3958 optime

139 3961 294 4051 disputavit
320 3969 462 4038 Cobetus
490 3974 567 4039 Var.
594 3973 687 4038 Lect
713 3971 842 4059 p.135.
887 3973 954 4040 Nec
980 3975 1064 4042 iusto
1091 3976 1158 4042 vio-

143 4062 285 4138 lentiorem
315 4096 387 4140 esse
421 4076 628 4141 mutationem
660 4076 831 4142 ostendunt
863 4099 927 4144 non
961 4102 1032 4145 rara
1066 4100 1158 4164 prae·

146 4170 313 4249 positionum
331 4174 426 4265 παρὰ
443 4190 474 4244 et
493 4175 549 4244 διὰ
565 4178 648 4245 inter
666 4201 700 4244 se
717 4189 966 4267 permutatarum
984 4180 1138 4266 exempla.

897 4282 943 4349 9ss
