2859 4909
538 387 661 445 Aves.

526 558 576 614 Vs,
596 559 673 615 1367.

166 698 314 785 φρούρει,
336 698 531 784 στρατεύου,
550 705 776 788 μισθοφορῶν
794 697 915 768 σαυτὸν
932 707 1042 792 τρέφε,

165 798 219 867 τὸν
236 797 351 890 πατέρ’
368 800 406 868 ἔα
425 801 492 889 ζῆν.

152 954 249 1021 Recte
281 956 436 1043 asyndeto
468 978 547 1022 usus
575 966 623 1022 est
652 966 747 1043 poeta
776 957 810 1022 in
836 956 937 1024 tribus
963 958 1120 1045 prioribus

27 1063 28 1080 ¹
95 1057 295 1143 imperativis,
323 1082 387 1124 non
403 1059 480 1125 item
501 1060 535 1124 in
556 1069 683 1144 quarto,
711 1060 753 1125 ad
774 1082 869 1145 quem
891 1060 1121 1129 adversativam

27 1153 28 1186 ³
96 1161 272 1245 particulam
290 1162 426 1247 requiro.
472 1160 683 1229 Scribeudum
700 1162 798 1249 igitur
814 1159 871 1229 τὸν
888 1168 1018 1253 πατέρα
1036 1162 1066 1231 d'
1083 1165 1122 1233 ἔα

27 1281 28 1352 3
98 1263 154 1349 ζῆν.
195 1265 342 1332 Verbum
369 1262 426 1354 ίᾷν
451 1288 551 1331 unum
578 1275 627 1331 est
652 1264 693 1331 de
718 1265 844 1352 paucis,
877 1266 1000 1352 inquo
1027 1268 1122 1334 etiam

27 1363 28 1414 ἶ
98 1367 198 1433 comici
224 1379 339 1455 poetae
365 1370 526 1457 synizesin
552 1367 762 1448 admiserunt,
789 1369 906 1455 quippe
932 1369 1122 1437 Homericae

27 1469 28 1472 ’
97 1469 212 1536 lectioni
233 1472 374 1552 adsueti,
401 1473 492 1550 ouius
514 1472 586 1557 quis
607 1471 728 1537 nesciat
748 1471 827 1538 illud
848 1483 937 1560 τρεῖν
958 1468 991 1557 μ’
1007 1468 1065 1539 οὐκ
1083 1471 1123 1563 ἐᾷ

27 1615 28 1638 ;
98 1571 220 1654 Παλλὰς
242 1571 373 1663 Ἀθήνη.
420 1575 516 1659 Quod
536 1574 725 1652 Dindorfius
749 1575 871 1653 statuit,
897 1574 1039 1656 Atticos,
1066 1577 1122 1644 ubi

99 1677 307 1764 monosyllabo
325 1701 406 1766 opus
427 1688 525 1755 esset,
549 1683 589 1766 ᾷν
611 1682 634 1766 qi
655 1687 687 1743 et
709 1677 772 1745 alia
794 1679 974 1765 scripsisse,
996 1680 1122 1768 magnis

27 1831 28 1868 ,
99 1778 338 1848 dubitationibus
356 1781 528 1848 obnoxium
547 1791 605 1848 est.

154 1917 192 1982 ln
210 1919 356 2004 sequenti
372 1916 500 1984 fabulae
516 1929 605 2005 parte
622 1916 766 2004 pluribus
783 1917 861 1985 locis
880 1920 1025 2007 egregias
1039 1921 1124 1987 Her-

101 2021 197 2086 manni
223 2022 458 2089 emendationes
484 2021 590 2107 recepi
615 2020 752 2107 Hauptii
777 2020 971 2109 benignitate
998 2045 1122 2089 meeum

102 2126 347 2192 communicatas.
400 2125 440 2189 Id
471 2123 652 2209 ubicunque
682 2123 803 2190 factum
830 2135 896 2203 est,
928 2125 1049 2191 fontem
1076 2127 1124 2191 di-

101 2224 223 2312 ligenter
260 2228 408 2294 indicavi.
461 2226 515 2292 Ex
554 2226 615 2293 hoc
654 2249 771 2314 genere
812 2238 860 2293 est
900 2228 986 2313 quod
1025 2229 1120 2295 1396.

104 2330 204 2416 scripsi
225 2328 283 2399 τὸν
305 2326 408 2397 ἁλάδε
430 2329 554 2416 δρόμον
579 2326 751 2414 ἁλάμενος.

533 2603 583 2659 Vs.
602 2603 679 2658 1438.

176 2736 255 2811 ὅταν
272 2745 410 2833 λέγωσιν
429 2744 462 2812 οἱ
478 2748 620 2832 πατέρες
637 2741 793 2810 ἑκάστοτε

176 2859 247 2927 τοῖς
263 2854 447 2936 μειρακίοις
466 2846 499 2917 ἓν
515 2860 606 2914 τοῖσι
622 2851 785 2934 κουρείοις
801 2846 887 2913 ταδί.

156 3001 224 3082 Ηίσἱ
245 3001 335 3070 locus
361 3026 444 3070 unus
469 3002 640 3068 multorum
659 3012 731 3079 -est,
757 3000 929 3087 inquibus
951 3024 1024 3069 cum
1045 3003 1125 3070 liber

105 3106 339 3190 antiquissimus,
358 3128 399 3172 ex
415 3127 479 3192 quo
496 3106 622 3172 codices
635 3105 735 3171 nostri
748 3104 880 3171 derivati
894 3115 977 3185 sunt,
995 3105 1124 3173 madore

29 3227 31 3286 ξ
105 3220 255 3296 corruptus
279 3218 377 3291 esset,
405 3208 524 3276 librarii
548 3209 678 3275 lacunas
703 3208 909 3295 ineptissimis
937 3208 1124 3275 coniecturis

30 3303 31 3308 ’
106 3311 218 3397 explere
240 3312 346 3379 conati
367 3322 450 3379 sunt.
496 3311 578 3396 Quis
600 3312 684 3377 enim
710 3334 775 3377 non
800 3310 920 3391 videm,
947 3310 1026 3376 illud
1052 3324 1125 3390 τοῖς

30 3443 31 3448 ¹
105 3419 273 3503 μειρακίοις
294 3415 356 3481 nisi
374 3440 394 3482 a
411 3416 562 3482 delirante
581 3414 676 3482 scribi
697 3437 762 3481 non
779 3414 930 3500 potuisse.
973 3412 1087 3498 Itaque
1104 3438 1124 3480 a

30 3531 31 3534 ’
105 3538 147 3583 me
169 3519 335 3607 impetrare
361 3541 425 3584 non
450 3518 552 3605 potui,
584 3528 620 3584 ut
644 3518 854 3603 relinquerem
879 3526 1005 3603 poetae,
1038 3519 1125 3604 quod

106 3622 203 3702 quovis
226 3644 322 3690 sanae
343 3621 458 3688 mentis
478 3621 608 3713 ¹homine
629 3622 796 3710 indignum
823 3631 920 3699 esset,
949 3621 1124 3708 scripsique

106 3735 166 3804 τοῖς
177 3726 342 3814 φυλέταις,
357 3747 550 3812 quamquam
563 3725 675 3793 eodem
688 3726 757 3790 iure
771 3724 865 3789 etiam
878 3734 950 3803 τοῖς
964 3723 1125 3812 δημόταις

31 3885 32 3888 ,
107 3825 149 3891 vel
174 3839 243 3909 τοῖς
274 3833 443 3915 συγγενέσι
472 3828 588 3894 inferre
620 3828 806 3915 potuissem.
850 3826 992 3893 Praetuli
1018 3837 1125 3895 umen

31 3923 32 3968 3
107 3941 166 4009 τοῖς
186 3933 355 4021 φυλέταις,
379 3953 460 4017 quos
479 3941 725 3998 consentaneum
743 3929 841 3996 estin
860 3930 1022 3996 tonstrinis
1041 3931 1126 3999 aliis-

32 4057 33 4122 }
108 4052 159 4114 que
173 4034 266 4101 huius
284 4035 410 4122 generis
428 4033 644 4102 conciliabulis
662 4033 892 4101 sermocinandi
915 4056 1029 4102 caussa
1051 4057 1126 4102 oon·

32 4145 33 4150 ’
108 4136 228 4205 venisse.

32 4391 34 4424 a
150 4358 249 4412 αιτιοι,
267 4361 495 4415 summosam.
888 4344 908 4408 8
