2859 4909
302 357 346 423 32
730 368 912 427 VESPAE.

304 513 422 600 quibus
452 511 559 581 brevis
591 509 714 600 syllaba
744 521 817 576 ante
849 508 961 600 ῥιόμην
992 510 1148 576 constanti
1178 530 1240 575 usu
1272 532 1360 597 pro·

307 618 442 683 ducitur.
1027 633 1032 648 ·

372 719 431 788 Vs.
452 720 546 788 1069.
568 739 627 806 pro
648 722 800 796 νεανιῶν,
824 717 912 803 quod
934 738 1010 784 sane
1031 715 1260 805 τρισυλλάβως
1282 716 1355 782 dici

306 846 371 890 non
388 832 508 911 potest,
531 822 691 889 Κλεινιῶν
709 807 889 908 suspicatus
908 844 995 899 sum,
1017 819 1196 887 Alcibiadis
1214 820 1353 887 fratrem

308 925 503 1015 intelligens,
530 925 571 991 de
597 946 660 1011 quo
683 923 756 991 vide
777 923 945 990 Platonem
966 923 1053 990 Prot.
1076 946 1108 1012 p.
1132 925 1207 991 320.
1231 935 1263 990 et
1285 925 1357 989 At-

203 1101 207 1110 ,
308 1028 371 1096 cib.
389 1030 417 1095 Ι.
436 1051 467 1117 p.
488 1028 561 1096 118.
578 1027 611 1097 b.
628 1026 685 1095 ubi
700 1026 900 1113 μαινόμενος
917 1028 1013 1094 homo
1030 1027 1214 1115 appellatur.

757 1180 807 1237 Vs.
826 1179 903 1235 1109.

362 1290 396 1355 οἳ
414 1282 445 1353 d’
462 1283 496 1354 ἒν
514 1282 622 1375 ᾠδείῳ
642 1280 818 1367 όικάζουό,
838 1288 873 1352 οἳ
890 1285 926 1352 δὲ
943 1281 1030 1374 πρὸς
1045 1297 1117 1365 τοῖς
1134 1289 1272 1368 τειχίοις

362 1391 621 1476 ξυμβεβυσμένοι
638 1386 762 1458 πυκνόν
779 1386 926 1468 νεύοντες
944 1387 978 1467 ἐς
994 1385 1051 1477 τὴν
1067 1394 1125 1477 γῆν
1144 1427 1186 1438 -

374 1511 448 1577 Non
465 1511 559 1599 credo
581 1533 633 1576 me
649 1511 735 1576 iusto
752 1508 903 1576 audacius
921 1510 1040 1597 egisse,
1064 1510 1119 1595 qui
1135 1532 1193 1596 pro
1209 1510 1349 1593 πυκνόν,

311 1614 396 1701 quod
415 1636 487 1679 cum
505 1612 652 1694 νεύοντες
668 1613 723 1678 vix
740 1623 825 1679 recte
843 1612 1051 1701 coniungitur,
1070 1613 1111 1679 ad
1125 1614 1353 1700 ξυμβεβυσμέ-

311 1740 365 1783 νοι
381 1726 486 1783 autem
504 1714 637 1783 relatum
655 1715 787 1783 moleste
805 1715 959 1795 abundat,
979 1713 1101 1794 πυκνὸς
1117 1718 1351 1805 rescripserim.

311 1819 431 1908 Pnycis
450 1819 576 1887 moenia
593 1819 678 1899 dicit,
696 1842 779 1905 quae
797 1830 1021 1886 commemorat
1037 1821 1070 1885 in
1087 1820 1213 1886 Eccles.
1231 1822 1310 1888 497.

376 1921 435 1989 Vs.
464 1922 557 1988 1114.
583 1924 617 1988 in
643 1922 749 1989 verbis
777 1918 862 1989 ἀλλὰ
886 1919 949 2009 μὰρ
976 1928 1116 2011 κηφῆνες
1141 1919 1235 2012 ἡμῶν
1263 1925 1352 1994 εἰσὶν

312 2024 534 2114 ἐγκαθήμενοι
549 2023 607 2093 τὸν
620 2025 723 2094 πόνον
736 2031 973 2094 κατεσθίουσιν
985 2026 1140 2094 turbatam
1156 2037 1350 2096 structuram

312 2128 478 2195 emendavi
488 2129 653 2196 scribendo
664 2132 698 2197 οἳ
706 2129 899 2218 καθήμενοι,
919 2129 980 2232 nisi
990 2130 1081 2197 malis
1092 2130 1348 2219 οόμιιαθήμενοι,

311 2234 332 2300 ἰ.
347 2256 375 2301 ο.
391 2236 424 2300 οἳ
442 2230 670 2320 ἐγκαθήμενοι,
690 2233 802 2299 eodem
820 2255 926 2312 sensu,
944 2236 1027 2300 intua
1044 2237 1224 2315 deridentem
1243 2231 1349 2323 ἡμῶν,

313 2337 399 2424 quod
415 2336 602 2402 Dindortius
620 2331 699 2423 ἡμῖν
718 2335 857 2423 scripsit,
876 2359 895 2401 a
912 2332 968 2403 τὸν
986 2336 1089 2404 πόνον
1105 2338 1231 2425 pendet

756 2488 806 2545 Vs.
825 2489 902 2543 1158.

442 2594 539 2661 τασδὶ
559 2589 591 2660 δ’
607 2588 731 2671 ἀνύσας
748 2589 877 2660 inodori
894 2620 927 2660 τι
944 2575 1210 2675 τάςλακιυνικάς.

380 2713 436 2781 Sic
457 2714 537 2780 haec
559 2714 739 2793 emendavi,
765 2713 863 2802 vulgo
889 2710 1043 2781 ὑπόδυθι
1067 2713 1128 2795 τὰς
1153 2718 1351 2800 λακωνικάς.

312 2817 453 2884 Praeivit
475 2817 693 2906 Hirschigius‚
721 2818 782 2883 nisi
808 2817 895 2903 quod
920 2818 1071 2884 audacius
1098 2820 1195 2886 edidit
1217 2817 1352 2892 inodori

314 2917 425 3005 λαβὼν
451 2920 642 3001 λακωνικύς.
672 2948 707 2989 τι
737 2943 810 2987 cum
838 2916 961 3000 ἀνύσας
982 2922 1247 3010 coniungendum.
1295 2928 1351 2995 Cf.

313 3023 390 3091 Pae.
410 3024 483 3090 872.
507 3020 664 3092 ἀνύσαντε
681 3029 722 3112 τῇ
738 3025 842 3112 βουλῇ
859 3050 902 3091 τι.

378 3126 437 3193 Vs.
472 3127 566 3192 1161.
600 3149 685 3193 nune
714 3126 911 3192 Brunckium
941 3137 1025 3194 recte
1056 3129 1150 3195 credo
1181 3133 1353 3220 scripsisse

313 3229 411 3309 όνθες
429 3225 524 3297 πόδ’.

755 3383 804 3440 Vs.
823 3384 900 3440 1172.

500 3483 583 3576 ὅσοις
603 3488 738 3576 όοθιῆνι
756 3490 914 3577 σκόροδον
932 3486 1157 3579 ἠμφιεσμένῳ.

377 3610 469 3676 Haec
501 3609 671 3697 respondet
701 3610 873 3698 Bdelycleo
899 3610 1114 3691 Philocleoni,
1150 3612 1276 3680 cuinam
1309 3638 1350 3682 ex

313 3712 470 3799 opulentis
488 3712 615 3778 incessu
633 3714 744 3781 similis
763 3715 803 3780 sit
820 3716 995 3801 quaerenti3
1014 3737 1054 3779 ex
1071 3736 1134 3800 quo
1151 3715 1349 3805 intelligitur,

312 3815 508 3902 ineptissime
526 3814 760 3884 Philocleonem
780 3819 955 3905 comparari
972 3809 1150 3897 furunculo,
1169 3820 1219 3883 cui
1239 3820 1349 3888 allium

310 3941 370 4006 pro
392 3919 562 4005 emplastro
583 3920 766 4007 impositum
789 3922 840 3987 sit.
883 3922 956 3987 Non
979 3921 1115 3986 dubitari
1136 3944 1232 4009 posse
1259 3923 1351 3990 vide·

311 4033 376 4100 tur,
394 4022 589 4088 Dothienem
607 4024 674 4089 sive
697 4046 808 4090 verum
826 4023 928 4090 fuisse
946 4025 1013 4089 sive
1030 4024 1139 4090 fictum
1156 4047 1272 4090 nomen
1290 4024 1350 4092 ho-

310 4125 405 4191 minis
428 4125 579 4192 molliculi
600 4127 703 4210 etqui
721 4128 827 4193 tunica
844 4127 1024 4194 amiciretur
1039 4127 1113 4193 laxa
1130 4137 1161 4193 et
1177 4150 1260 4213 qnae
1278 4138 1351 4195 tan-

310 4249 407 4313 quam
423 4228 488 4294 allii
504 4237 610 4295 cortex
624 4250 739 4316 corpus
754 4230 897 4297 ambiret.
928 4231 1051 4298 Eadem
1065 4231 1268 4297 similitudine
1282 4232 1346 4297 iam
