2859 4909
450 405 788 466 ACHARNENSES.
1118 402 1140 469 5

19 519 21 564 t
138 544 279 611 scriberem
302 546 321 611 i.
340 568 367 611 e.
396 544 539 636 ἑστήκω,
564 557 602 613 ut
627 546 733 629 ἑστώς
758 550 873 618 dieitur
898 577 956 639 pro
983 552 1138 643 ἑστηκώς.

134 647 192 713 Νοσ
207 649 332 735 impedio
346 660 453 715 tamen
470 673 535 735 quo
552 651 658 740 minus
676 652 730 718 alii
747 654 863 721 rectius
881 661 960 744 πρίν
977 653 1005 745 γ’
1016 653 1056 724 ἂν
1070 664 1138 726 στῶ

131 752 280 819 coniecisse
297 753 525 819 existimentur·

553 923 603 981 Va.
623 925 684 981 197.

274 1031 329 1095 καὶ
345 1027 390 1116 μὴ
406 1024 572 1116 ’πιτηρεῖν
591 1025 671 1096 σιτί’
691 1026 821 1119 ἡμερῶν
838 1038 952 1122 τριῶν.

179 1146 340 1215 Verissime
372 1149 577 1216 Hamakeruta
609 1147 776 1238 ἐπιτηρεῖν
807 1151 882 1219 huie
912 1153 983 1221 Ιοοο
1009 1155 1139 1224 minime

123 1252 395 1332 convenire⁸dixit,
429 1276 494 1319 non
519 1252 624 1340 piaeet
649 1264 757 1320 tamen
782 1256 869 1340 quod
893 1256 963 1342 ipae
989 1257 1140 1325 substitui

125 1353 206 1418 voluit
232 1357 288 1421 καὶ
316 1359 433 1442 μηκέτι
449 1367 605 1439 [μετρεῖν.
662 1355 775 1441 Neque
801 1358 936 1444 pertinet
960 1358 1024 1426 hue
1048 1360 1138 1428 loeus

123 1478 162 1522 νε.
176 1457 243 1524 545.
262 1463 363 1537 στοᾶς
381 1458 600 1546 στεναχούσης
618 1463 734 1526 σιτίων
750 1461 992 1548 μετρουμένων,
1020 1462 1076 1528 ubi
1098 1464 1138 1531 da

122 1557 304 1649 ἐπισιτισμῷ
318 1561 528 1648 expeditionis
541 1562 656 1649 agitur,
674 1563 730 1647 qui
743 1562 849 1630 differt
860 1564 902 1631 ab
914 1587 952 1632 ea
964 1588 999 1631 re
1017 1566 1057 1633 da
1075 1589 1139 1652 qua

122 1662 163 1728 hio
185 1665 291 1751 agitur.
338 1663 446 1751 Magia
469 1664 607 1751 placeret
628 1666 716 1750 quod
735 1665 896 1753 Bergkiue
922 1669 1062 1748 coniecit,
1082 1672 1139 1737 καὶ

122 1764 157 1851 μὴ
169 1762 353 1856 ’παγείρεικ
372 1767 435 1833 nisi
447 1767 509 1833 hoe
521 1767 655 1834 verbum
667 1767 708 1833 ab
722 1768 817 1835 attico
836 1791 981 1838 sermone
999 1772 1138 1839 alienum

122 1879 203 1949 esset,
223 1894 279 1937 neo
300 1871 408 1957 potius
428 1875 463 1935 ίπ
484 1875 580 1935 uuum
603 1873 701 1936 locum
723 1873 859 1959 conferre
881 1895 976 1958 quam
1000 1877 1138 1963 οοίίίμιτι

124 1972 302 2059 significaret.
343 1973 427 2038 Mihi
438 1972 527 2040 locus
542 1974 586 2039 ita
599 1973 761 2040 sanandus
774 1974 908 2055 videtur,
926 1985 962 2041 ut
975 1976 1138 2044 lenissima

124 2069 273 2142 mutatione
294 2078 352 2143 καὶ
369 2080 485 2163 μηκέτι
501 2087 611 2164 τηρεῖν
634 2077 804 2156 scribatur3
826 2089 989 2164 praeterea
1005 2079 1137 2147 Reiskio

124 2190 271 2263 praeeunte
288 2203 441 2246 versuum
459 2180 602 2245 ordinem
619 2180 664 2245 ita
680 2181 843 2274 mutarim:

212 2273 309 2350 αὗται
326 2283 386 2367 μὲν
405 2278 513 2363 ὅζουσ’
534 2277 720 2369 ἀμβροσίας
737 2285 792 2349 καὶ
809 2287 974 2368 νέκταρος,

209 2378 266 2453 κᾶν
284 2392 332 2473 τῷ
352 2385 495 2469 στόματι
513 2388 655 2471 λέγουσι,
674 2381 760 2472 βαῖν’
781 2380 864 2452 ὅποι
881 2386 1004 2466 θέλεις,

209 2492 263 2555 καὶ
280 2494 397 2578 μηκέτι
413 2500 523 2578 τηρεῖν
541 2485 620 2556 σιτί’
640 2484 771 2578 ἡμερῶν
787 2493 899 2576 τριῶν.

171 2594 217 2659 Ita
233 2593 467 2679 coniunguntur
487 2614 569 2677 quae
587 2592 810 2678 coniungenda
831 2600 934 2670 erant3
957 2590 990 2656 in
1007 2592 1138 2679 vulgato

122 2706 210 2762 autem
222 2697 391 2763 verborum
408 2696 684 2788 ordineflmagnam
702 2695 911 2761 offensionem
928 2695 1034 2774 habet,
1052 2697 1139 2782 quod

122 2799 274 2865 infinitivus
294 2797 462 2887 ἐπιτηρεῖν
480 2797 520 2863 ab
540 2792 654 2880 ὄζουσι
673 2819 847 2883 suspensus
866 2808 924 2863 eat
959 2799 1138 2886 Aptissime

123 2913 210 2967 autem
226 2906 341 2991 μηκέτι
357 2913 467 2987 τηρεῖν
484 2900 611 2968 dieitur:
630 2899 757 2987 plenam
774 2900 874 2967 habea
886 2923 1075 2987 quoeunque
1088 2903 1137 2969 via

123 3006 200 3070 eundi
220 3014 423 3092 potestatem,
445 3025 547 3089 neque
566 3003 702 3089 amplius
721 3027 802 3090 opus
820 3014 868 3070 eat
887 3014 922 3069 ut
939 3006 1137 3083 commeatui,

19 3177 20 3196 p
121 3129 200 3190 quem
223 3110 256 3174 in
282 3118 346 3173 tres
366 3099 441 3171 'dies
469 3129 580 3192 parare
606 3106 713 3172 iussus
741 3128 791 3184 es,
817 3107 1012 3191 parcendum
1034 3120 1138 3194 putes.

19 3199 21 3224 ¹
121 3210 216 3297 Itaque
232 3224 343 3302 τηρεῖν
360 3221 409 3276 est
427 3209 554 3290 σώζειν,
574 3209 766 3297 φυλάσσειν,
786 3208 892 3273 nieht
910 3210 1120 3297 angreifen.

172 3316 208 3381 In
229 3313 434 3400 sequentibus
456 3314 512 3379 vix
529 3312 687 3399 intelligas
705 3334 769 3397 quo
787 3311 918 3377 coneilio
935 3323 1030 3399 poeta
1048 3315 1139 3398 prae-

19 3481 21 3496 ,
120 3439 179 3483 sem
196 3442 267 3484 eum
283 3418 391 3482 futuro
409 3416 622 3481 coniunxerit:

19 3507 21 3522 ’
230 3521 356 3600 ταύτας
374 3521 512 3603 δέχομαι
528 3522 585 3584 καὶ
602 3517 789 3601 σπένδομαι
806 3512 1001 3600 κάκπίομαι.

171 3624 267 3690 Recte
294 3623 374 3688 dixit
396 3612 547 3706 δέχομαι,
575 3622 632 3687 sed
652 3621 761 3686 libatio
783 3643 855 3685 eum
877 3630 989 3705 postea
1010 3619 1138 3687 demum

118 3713 209 3793 intura
226 3728 276 3806 sit,
296 3725 405 3791 malim
423 3725 570 3811 equidem
589 3729 773 3807 σπείσομαι
789 3719 983 3807 κάκπίομαι.

172 3847 291 3913 Eorum
309 3868 392 3931 quae
410 3845 483 3910 inde
501 3869 521 3910 a
537 3868 586 3910 vs.
606 3843 679 3910 201.
700 3852 875 3926 sequuntur
891 3867 1008 3930 magna
1026 3855 1075 3910 est
1091 3843 1139 3908 in-

121 3951 320 4037 congruentia,
336 3970 431 4032 quam
440 3971 527 4045 ¹unus
542 3947 682 4013 omnium
696 3946 814 4031 optime
827 3948 1005 4033 composuit
1017 3945 1140 4011 Hama-

121 4049 216 4132 κεῖσε,
242 4053 334 4118 ouius
362 4052 549 4117 sententiam
576 4049 713 4114 indicavi
739 4050 773 4113 in
798 4049 999 4115 adnotatione
1022 4049 1141 4114 critica

121 4150 201 4220 Nolui
238 4165 345 4222 tamen
383 4155 556 4241 quidquam
595 4162 716 4218 mutare
755 4152 789 4217 in
827 4162 955 4239 recepto
990 4174 1140 4217 versuum

122 4256 223 4324 ordine.
319 4305 320 4309 ,
434 4285 437 4290 ¹
