2859 4909
519 393 677 452 RANAE.
1056 382 1118 449 169

92 532 253 600 Πόσειδον.
288 529 426 622 ἤλγησέν
452 557 513 612 τις.
563 534 634 601 Imo
661 544 755 620 poeta
780 535 966 622 imperfecto
993 535 1118 603 senario

91 658 162 701 usus
184 646 230 702 est
251 637 341 702 utin
363 638 441 704 loeis
464 637 506 703 sd
527 637 613 703 Plut.
631 638 705 703 422.
725 636 880 703 indicatis.
924 638 1031 705 Versu
1049 660 1118 724 seq.

92 740 297 806 accusativum
324 746 458 825 πρῶνας
480 740 651 827 Berglerus
674 740 844 834 repetendo
867 740 951 824 ἐ’χεις
972 764 1012 807 ex
1033 741 1117 828 Hip-

90 843 223 928 ponootis
241 865 337 908 versu
351 843 425 909 659.
444 843 594 929 explicari
611 865 706 929 posse
725 843 935 923 existimabat,
953 844 1041 929 quod
1057 867 1116 911 suo

90 946 151 1011 iure
162 946 268 1011 reieoit
283 945 481 1012 Dindorfius.
509 945 614 1011 Multo
628 945 823 1031 probabilius
836 947 997 1035 Bergkius
1010 948 1116 1035 ipsum

90 1047 160 1113 illud
182 1046 263 1131 έχεις
286 1049 442 1116 excidisse
465 1049 583 1114 statuit.
628 1050 676 1113 At
701 1048 838 1116 fortusse
863 1064 948 1116 reete
972 1048 1116 1138 Scaliger

90 1151 195 1237 aliique
212 1152 345 1241 πρωνός
362 1151 532 1240 corrigunt.

531 1320 581 1377 Vs.
599 1321 658 1376 679.

251 1423 303 1517 ἐφ’
320 1417 359 1495 ού
378 1425 417 1515 δὴ
433 1428 574 1511 χείλεσιν
593 1421 796 1514 ἀμφιλάλοις

251 1527 358 1599 δεινὸν
377 1528 592 1619 ἐπιβρέμεται
722 1609 727 1619 Ι

251 1638 377 1723 θρῃκέα
391 1629 531 1718 χελιδὼν

175 1791 180 1802 .
251 1735 310 1804 ἐπὶ
326 1735 495 1823 βάρβαρον
513 1734 646 1823 έζομένη
665 1736 824 1802 πέταλον·

250 1839 340 1927 ρύζει
359 1837 389 1906 δ’
406 1837 602 1906 ἐπίκλαυτον
622 1835 776 1925 ἀηδόνιον
793 1838 904 1922 νόμον.

142 1959 229 2024 Nihil
249 1961 412 2047 proficitur
433 1959 640 2025 Herderdeni
662 1960 842 2025 coniectura
864 1958 922 2026 έιτὶ
942 1959 1113 2050 βάρβαρον

90 2099 123 2109 -
143 2063 303 2139 πετάλου,
331 2063 486 2149 siquidem
509 2086 585 2128 aves
608 2086 671 2130 nou
693 2062 780 2128 foliis
802 2062 950 2128 arborum
976 2063 1114 2129 insident

91 2165 137 2229 sed
157 2167 264 2232 remis.
309 2166 413 2232 Paulo
435 2167 548 2232 melius
577 2177 662 2231 esset
687 2161 755 2231 ὑπὸ
781 2164 951 2252 βάρβαρον
978 2162 1110 2252 ἑζομένη

90 2270 231 2349 πέταλον,
250 2271 410 2358 subseliis
430 2272 566 2336 lotitans.
611 2267 678 2336 Sed
696 2268 807 2334 subest
824 2267 910 2333 haud
927 2268 1023 2334 dubie
1040 2291 1113 2355 grs-

89 2371 146 2436 vior
161 2373 349 2459 corruptela.
393 2373 448 2438 Ad
470 2395 577 2438 veram
598 2371 662 2459 ioci
684 2371 870 2457 scripturam
892 2370 980 2436 duoit
1002 2371 1114 2457 opinor

15 2465 16 2486 ¹
91 2475 268 2559 optimorum
285 2475 437 2542 librorum
456 2476 624 2561 scripture,
651 2476 706 2560 qui
722 2498 781 2562 pro
799 2473 902 2561 ῥύζει,
926 2496 1007 2559 quae
1029 2473 1113 2539 Din-

91 2576 168 2643 dorfii
180 2580 361 2645 oonieotura
379 2589 437 2657 est,
455 2577 624 2665 κελαρύζει
641 2578 769 2656 hubent,
788 2577 857 2642 eliis
875 2577 964 2643 libris
982 2577 1114 2644 κελαδεῖ

15 2711 16 2734 ι
64 2699 67 2703 ⁴
90 2682 311 2764 praebentibus.
355 2682 396 2746 In
416 2681 584 2767 κελαρύζει
605 2691 711 2747 autem
734 2680 831 2746 lutere
854 2680 997 2766 suspicor
1018 2682 1113 2747 κέλα-

15 2823 16 2872 t
91 2783 136 2848 δον
151 2786 257 2875 ῥύζει,·
280 2784 526 2872 expungendum
541 2786 640 2872 igitur
656 2784 781 2849 videtur
798 2785 942 2850 πέταλον
959 2783 1000 2850 ab
1017 2785 1113 2850 inter·

90 2887 226 2970 polatrioe
248 2910 345 2953 manu
368 2888 409 2952 sd
436 2885 568 2972 ἑζομένη
596 2887 753 2965 additum,
780 2898 949 2974 postquam
975 2888 1111 2955 κέλαδον

96 2989 120 3013 (δ

91 2990 165 3075 ρνζει
180 2992 216 3056 in
233 2989 402 3077 κελαρύζει
420 2990 549 3056 obierat.
581 2991 650 3054 Iam
670 3000 770 3056 totum
788 2990 893 3056 looum
910 2990 954 3056 ita
972 2991 1111 3058 seriben-

91 3091 153 3158 dun
169 3095 295 3181 opinor:

207 3270 215 3278 ,
248 3210 299 3301 ἐφ’
317 3202 356 3280 οὗ
376 3209 415 3298 δὴ
432 3215 572 3295 χείλεσιν
591 3208 796 3299 ἀμφιλάλοις

247 3314 354 3384 δεινὸν
373 3314 588 3402 ἐπιβρέμεται
606 3321 731 3403 θρηκλα
747 3313 885 3398 χελιδὼν

245 3415 482 3512 ύιτοβάρβαρον
501 3416 633 3506 ἑζομένη
651 3418 788 3484 κέλαδον
805 3454 850 3466 -

15 3553 16 3626 η
89 3534 255 3606 Verborum
277 3540 354 3605 ordo
377 3540 429 3604 hio
451 3549 500 3605 est
522 3535 573 3626 ἐφ’
595 3528 632 3605 οὗ
652 3540 794 3622 χείλεσιν
817 3536 948 3625 ἑζομένη
970 3537 1107 3620 χελιδών

15 3635 16 3700 ἶ
89 3634 310 3731 ύποβύρδαρον
335 3643 471 3709 κέλαδον
498 3639 727 3729 ἐπιβρέμεται,
755 3641 845 3707 ouius
866 3641 900 3706 in
921 3639 1018 3707 labris
1041 3664 1109 3708 ses-

89 3741 173 3811 situns
190 3746 325 3813 hirundo
343 3743 573 3812 subbarburum
592 3745 731 3810 sonitum
749 3744 864 3810 fremit.

524 3914 574 3971 Vs.
594 3914 654 3970 696.

138 4015 202 4085 ἀλλ’
218 4018 360 4088 ἐπαινῶ·
379 4019 465 4104 μόνα
482 4016 544 4106 γάρ
564 4015 648 4086 αύτὰ
665 4025 740 4087 νοῦν
759 4014 858 4103 ἔχοντ’
875 4018 1046 4108 ἐδράσατε.

139 4138 255 4207 Parum
276 4140 448 4228 prudenter
468 4152 562 4226 poete
583 4141 638 4206 λοι
658 4142 757 4206 solum
778 4149 864 4224 reete
891 4140 1005 4208 fecisse
1032 4144 1108 4210 dicit

88 4236 299 4324 Athenienses,
319 4266 453 4329 quorum
471 4244 593 4309 animos
613 4245 640 4310 si
658 4243 719 4309 sibi
737 4243 904 4309 conciliare
921 4257 1014 4330 atque
1032 4269 1108 4314 oon·
1203 4301 1215 4318 ι
