2859 4909
282 361 325 427 10
631 370 966 429 AOHARNENSES.

281 515 439 581 Numeros
456 513 595 600 tragicos
612 512 807 597 requirentes
826 512 925 577 critici
938 511 1018 576 alius
1032 512 1094 578 clia
1108 521 1327 592 tentaverunt,

281 618 397 684 iniuria
417 627 453 681 ut
473 616 552 682 mihi
577 616 711 681 videtur.
754 615 917 703 Euripidis
943 637 1008 684 non
1034 616 1095 681 nisi
1120 615 1218 682 verba
1244 627 1330 681 sunt

283 719 353 807 ἐρεῖ
371 743 424 799 τις
446 716 486 786 ού
505 724 596 807 χρῆν.
644 718 747 803 quue
769 719 865 784 etiam
887 717 1057 785 scholiasta
1078 718 1229 785 indicavit
1251 717 1332 806 ἐρεῖ

283 849 334 903 τις
352 820 391 890 ού
407 827 502 911 χρῆνι
520 824 576 889 καὶ
592 826 691 889 τοῦτο
710 818 780 889 ἀπὸ
802 823 951 909 Τηλέφου
969 817 1167 907 Εὐριπίδου.
1211 822 1330 888 Maior

283 928 476 1013 reliquorum
494 925 665 992 difficultas
684 935 742 1003 est,
761 925 927 1010 inquibus
946 924 1142 1014 ηυὶἆφήνας
1161 926 1328 1014 significet

283 1031 423 1095 nondum
448 1054 467 1096 a
489 1053 649 1116 quoquam
670 1029 715 1094 ita
737 1028 926 1114 explicatum
948 1029 1014 1094 vidi
1036 1038 1072 1093 ut
1093 1030 1170 1095 satis
1196 1030 1326 1096 fecerit.

283 1134 464 1200 Novissime
476 1132 680 1198 Hamakerus
696 1133 828 1198 tentavit
846 1130 959 1218 δήσας,
980 1131 1037 1197 sed
1049 1142 1084 1196 ut
1097 1132 1207 1198 eadem
1222 1156 1327 1219 opera

189 1312 192 1318 ‚
284 1236 432 1304 Κύθνιον
466 1232 488 1324 ἢ
522 1241 681 1324 Σερίφιον
716 1234 917 1300 scribendum
952 1236 1116 1301 coniceret.
1160 1235 1327 1303 Miillerus

284 1342 424 1427 κλέψας,
442 1339 528 1424 quod
546 1338 664 1405 bonum
682 1338 723 1404 ad
741 1360 870 1404 sensum
888 1348 951 1416 est,
971 1338 1028 1404 sed
1045 1339 1163 1403 nullam
1182 1363 1202 1404 a
1218 1340 1327 1404 facili-

284 1454 348 1510 tate
365 1443 547 1508 mutationis
566 1441 870 1508 commendationem
886 1441 991 1507 habet.
1035 1441 1119 1508 Mihi
1141 1443 1327 1509 coniectura

284 1546 447 1612 lenissima
470 1544 570 1633 σήνας
592 1544 794 1610 scribendum
812 1550 883 1611 es'se
901 1544 1025 1610 videtur
1041 1545 1102 1610 hoc
1120 1568 1229 1612 sensu:
1252 1548 1326 1613 La·

285 1649 507 1715 cedaemonius
525 1647 656 1732 quidam
669 1648 810 1713 vendidit
823 1647 962 1713 catulum
978 1645 1204 1735 Seriphiorum‚
1223 1673 1325 1735 quem

287 1751 509 1818 blandimentis
527 1749 706 1816 demulsum
724 1752 765 1816 ad
784 1772 818 1816 se
836 1750 995 1818 allexerat.

736 1937 787 1993 V.
807 1937 867 1991 546.

394 2043 545 2134 θορύβου
565 1956 786 2131 στρατιωτῶύ,
807 2043 885 2128 περὶ
903 2042 1100 2132 τριηράρχου
1117 2037 1209 2133 βοῆς.

350 2164 423 2231 Non
440 2164 534 2230 credo
551 2164 630 2229 haec
643 2174 790 2249 corrupta
804 2186 884 2243 esse,
904 2163 962 2230 sed
975 2166 1220 2251 comparandum
1235 2170 1325 2252 quod

286 2267 367 2334 dixit
387 2266 620 2354 Aristophanes
638 2266 723 2352 Equ.
743 2267 817 2333 666.
841 2265 874 2332 ol
897 2262 928 2332 δ’
950 2265 1134 2355 ἐθορύβουν
1152 2271 1231 2354 περὶ
1253 2278 1323 2339 τιῦν
1349 2274 1352 2278 ’

287 2367 416 2460 ἀφύων.
469 2373 582 2457 ltaque
609 2369 734 2458 virgula
759 2379 832 2457 post
863 2376 1074 2454 στρατιωτῶν
1100 2372 1234 2439 delenda
1261 2386 1323 2440 est.

288 2473 354 2558 Qui
375 2497 450 2540 mox
473 2484 647 2560 sequuntur
673 2497 784 2540 versus
807 2472 881 2539 549.
905 2472 978 2539 550.
1002 2473 1120 2540 frustra
1145 2480 1324 2563 transponit

286 2576 489 2644 Hamakerus
496 2603 505 2656 3
537 2573 680 2664 apertum
707 2589 757 2644 est
782 2577 925 2642 consulto
953 2577 1196 2645 diversisissima
1221 2581 1322 2670 iungi,

286 2702 346 2745 nec
363 2681 466 2767 magis
485 2690 606 2745 ceterae
623 2681 656 2745 in
674 2679 706 2744 h.
725 2681 746 2745 l.
766 2680 834 2746 eius
853 2680 1088 2746 emendationes
1105 2682 1231 2768 probari
1248 2707 1323 2771 pos-

288 2791 376 2861 sunt,
399 2782 461 2848 nisi
482 2784 568 2867 quod
590 2788 759 2870 ποτηρίων
781 2782 866 2868 quod
884 2806 942 2869 pro
959 2784 1181 2873 suosmetipsos
1198 2789 1323 2874 reponit

287 2886 354 2950 veri
371 2886 531 2971 quandam
549 2886 688 2973 speciem
705 2885 812 2952 habet.
1192 2901 1195 2908 ’

676 3087 684 3094 “
740 3072 791 3129 Vs.
810 3072 870 3127 575.

418 3178 484 3245 ε’ίτε
501 3182 552 3257 τίς
571 3176 641 3245 ἐστι
658 3179 834 3264 ταξίαρχος
851 3173 873 3265 ἢ
891 3202 1072 3265 στρατηχος
1089 3175 1111 3267 ἢ

415 3280 614 3367 τειχομάχας
633 3277 724 3370 ἀνήρ,
743 3281 949 3369 βοηθησάτω
968 3307 1019 3361 τις
1037 3277 1169 3363 ἀνύσας.

341 3404 442 3475 ¹Iusto
461 3404 592 3470 calidius
612 3412 739 3469 secutus
754 3426 826 3468 sum
840 3425 912 3467 cum
930 3402 999 3467 aliis
1012 3402 1212 3483 Elmsleium‚
1230 3407 1294 3487 ταξ
1307 3447 1325 3460 -

288 3504 387 3595 αρχός
404 3533 456 3586 τις
473 3502 496 3595 ἤ
513 3506 701 3573 scribentem
721 3516 752 3571 et
770 3501 951 3591 στρατηγὸς
968 3502 989 3592 ἤ
1007 3505 1177 3597 delentem3
1204 3532 1263 3573 nec
1281 3510 1325 3576 de

287 3620 386 3675 metro
400 3609 614 3687 metuendum,
634 3609 745 3692 inquo
763 3608 1000 3674 oumdochmio
1017 3608 1171 3676 iambicus
1190 3610 1325 3678 dimeter

287 3713 472 3779 coniunctus
504 3723 562 3778 est.
616 3710 683 3777 Sed
712 3709 910 3794 τειχομάχας
941 3734 1017 3777 sane
1049 3723 1232 3799 suspectum
1262 3726 1322 3795 est,

286 3814 341 3880 vix
359 3815 444 3880 enim
461 3815 558 3893 dicas,
577 3837 640 3899 quo
658 3815 791 3881 consilio
809 3815 968 3880 moenium
988 3826 1188 3902 expugnator
1205 3819 1323 3884 auxilio

287 3927 429 3997 vocetur3
456 3941 520 3983 non
542 3918 635 3984 valde
662 3929 769 3984 tamen
795 3917 899 4004 placet
924 3919 1010 4002 quod
1035 3917 1241 3986 Hamakerus
1267 3944 1324 3986 ex-

287 4020 437 4107 cogitavit
454 4019 655 4105 πεζομάχας.
694 4023 846 4100 Fortasse
863 4021 1068 4107 τευχομύχας
1086 4023 1211 4109 scripsit
1227 4034 1324 4110 poeta

286 4124 307 4188 i.
325 4117 564 4207 α’ύπλομάχος
583 4124 650 4189 sive
669 4120 821 4206 ὁπλίτης,
841 4148 1032 4211 quamquam
1051 4125 1137 4191 aliud
1154 4125 1248 4192 huius
1266 4150 1325 4193 no-

285 4226 395 4306 minis,
417 4226 490 4292 fort.
514 4250 554 4293 ex
575 4226 730 4314 Euripide
753 4230 899 4308 derivati,
922 4229 1102 4315 exemplum
1123 4251 1185 4294 non
1208 4228 1323 4296 habeo.
