2859 4909
277 386 322 454 22
630 391 965 452 ACHARNENSES.

239 619 243 628 .
279 540 394 608 mirum
416 527 465 606 est
486 537 607 625 primus
630 537 772 603 omnium
793 536 920 614 viderit,
943 534 1170 602 absurdissime
1192 536 1322 623 sepiam

279 641 444 710 naviculae
470 642 571 708 instar
595 641 629 707 in
650 639 856 707 ooenaoulnm
877 638 1034 726 appellere
1055 639 1127 705 diei.
1172 636 1321 727 corrigit

280 747 378 835 igitur
399 744 538 827 σίζουσα
559 742 687 832 λιπαροί
704 737 732 809 τ’
749 741 805 810 ἐπὶ
822 741 987 832 τραπέζης
1003 745 1131 829 κειμένη
1150 740 1319 821 εἰσέλθοι,

280 851 314 916 in
337 872 401 934 quo
421 849 467 915 ita
487 847 643 914 assentior
662 847 731 913 viro
752 845 937 913 doctissimo
954 855 989 911 ut
1004 867 1063 933 pro
1080 843 1234 933 πάραλος
1250 869 1320 912 non

281 952 409 1039 quidem
427 949 584 1038 terrueris,
603 960 639 1016 ut
656 950 732 1017 olim
748 948 845 1028 volui,
864 948 922 1016 sed
938 971 1012 1014 oum
1029 948 1216 1015 Thiersohio
1233 944 1318 1035 παρ’

281 1051 362 1135 ἁλός
379 1053 599 1142 corrigendum
616 1064 736 1140 putem.
775 1058 983 1119 ΕΙΣΕΛΘΟΙ
996 1061 1029 1118 et
1046 1058 1241 1119 ΟΚΕΛΛΟΙ
1256 1051 1321 1118 sibi

282 1168 356 1226 sunt
374 1157 542 1224 simillima.
583 1155 633 1223 At
645 1156 731 1242 quod
746 1156 832 1222 idem
849 1178 879 1222 ν.
893 1154 925 1221 d.
943 1156 1086 1223 τευθίδα
1098 1154 1320 1240 κατεδόμενον

282 1261 483 1330 scribendum
500 1260 586 1338 dicit,
603 1260 706 1326 inanis
725 1260 814 1326 lusus
833 1269 892 1326 est.

724 1445 774 1503 Vs.
794 1445 871 1501 1185.

432 1552 539 1620 λείπω
558 1547 646 1639 φάος
661 1574 699 1638 ys
716 1547 854 1636 τούμόν·
878 1547 979 1619 οὐκέτ’
996 1548 1059 1637 εἰμ’
1075 1549 1154 1639 ἐγώ·
1257 1634 1259 1636 ‚

346 1673 398 1739 Ita
419 1671 545 1739 oodioes
567 1681 692 1758 praeter
707 1671 791 1738 Rav.
809 1672 865 1758 qui
891 1696 928 1759 ys
945 1671 1070 1738 omittit.
1114 1673 1321 1760 Ineptissime

282 1776 402 1843 dietum
420 1784 468 1842 est
484 1770 609 1859 τούμὸν
627 1774 726 1863 φάος.
772 1774 894 1863 Scripsi
911 1775 1022 1861 igitur:

307 1953 310 1959 ,
432 1879 538 1945 λείπω
557 1877 645 1966 φάος
662 1884 757 1946 τοῦτ’
776 1873 878 1946 οὐκέτ’
896 1874 989 1946 οὐδέν
1006 1874 1068 1965 εἰμ’
1085 1877 1159 1967 ἐγώ.

284 1981 391 2066 Quam
413 1981 665 2047 emendationem
687 1982 751 2048 iam
769 1982 843 2049 olim
865 1982 900 2047 in
921 1981 1039 2048 Annal.
1064 1982 1173 2049 soient.
1195 1983 1321 2068 antiqu.

284 2085 379 2154 1845.
392 2109 425 2174 p.
440 2085 535 2152 1063.
548 2085 709 2172 proposui,
729 2085 816 2171 quod
829 2084 912 2173 fugit
926 2084 1084 2152 Cobetum
1101 2085 1141 2151 N.
1155 2086 1198 2153 1..
1216 2109 1249 2174 p.
1263 2087 1321 2154 59.

284 2189 434 2257 Ceterum
452 2212 516 2255 non
532 2188 618 2253 huno
635 2197 758 2254 tantum
771 2211 908 2267 versum,
928 2188 985 2255 sed
998 2198 1098 2255 totum
1112 2188 1217 2255 locum
1233 2190 1320 2256 1181

283 2332 326 2344 —
346 2294 440 2360 1188.
464 2316 485 2359 a
505 2291 589 2357 futili
612 2290 835 2378 interpolatore
852 2290 1061 2379 Aristophani
1081 2292 1224 2359 affictum
1246 2316 1321 2360 esse

283 2396 484 2464 verissimum
507 2405 556 2462 est
578 2393 744 2482 Blaydesii
768 2394 929 2461 iudicium.
973 2394 1040 2462 Res
1063 2406 1112 2461 est
1133 2396 1322 2477 manifesta3

283 2501 433 2588 pleraque
452 2522 493 2565 ex
510 2499 580 2566 aliis
602 2499 696 2565 huius
719 2496 847 2564 fabulae
868 2487 1013 2564 versibus
1037 2507 1111 2564 sunt
1132 2486 1321 2586 composita,

284 2625 336 2669 res
351 2604 423 2689 ipsa
439 2602 636 2688 ineptissime
653 2612 789 2680 narrata,
808 2612 874 2668 tota
890 2624 995 2667 rerum
1009 2601 1108 2667 facies
1123 2597 1320 2683 ἄσύστατος.

282 2704 406 2771 Versus
442 2704 537 2771 1181.
573 2704 707 2791 ineptias
744 2703 920 2770 enucleavit
949 2726 1050 2791 nuper
1079 2704 1129 2772 M.
1155 2706 1324 2793 Hauptius

282 2807 396 2895 Progr.
414 2807 503 2873 acad.
522 2807 616 2873 1864.
633 2830 666 2896 p.
686 2807 718 2876 8.

727 2994 777 3052 Vs.
797 2985 873 3050 1206.

565 3098 598 3187 ἰὴ
620 3097 652 3188 ἰὴ
669 3111 765 3189 χαῖρε
782 3105 1034 3184 Λαμαχίππιον.

348 3220 413 3286 Pro
430 3225 673 3304 Λαμαχίππιον
690 3221 772 3288 Rav.
791 3219 888 3286 habet
904 3220 1191 3304 Λαμαχιππίδιον.
1234 3222 1322 3289 Cum

284 3325 374 3409 equis
388 3323 608 3410 equitibusque
622 3324 701 3390 nihil
713 3313 759 3390 rei
773 3334 839 3408 erat
847 3324 1023 3402 Lamacho,
1042 3347 1139 3408 quare
1152 3323 1226 3389 olim
1241 3326 1322 3391 mihi

284 3432 512 3512 Λαμαχίσκιον
522 3427 743 3515 corrigendum
751 3427 972 3504 videbatur,de
981 3448 1044 3510 quo
1054 3427 1321 3494 deminutivorum

284 3552 401 3616 genere
425 3532 515 3596 attuli
538 3530 694 3616 quaedam
716 3531 759 3596 ad
779 3530 920 3617 Lysistr.
939 3529 1013 3595 416.
1057 3529 1151 3596 Nunc
1167 3530 1245 3595 nihil
1263 3554 1323 3597 no·

284 3633 425 3698 vandum
442 3634 564 3720 opinor.
608 3633 765 3699 Nimirum
782 3633 911 3699 nomina
928 3654 1001 3699 eum
1018 3632 1127 3712 ἵππος
1145 3635 1324 3721 composita
1341 3665 1344 3672 ¹

284 3735 452 3821 magnifice
475 3758 586 3803 sonare
609 3736 798 3802 videbantur
814 3734 1059 3802 Atheniensium
1077 3736 1206 3803 auribus
1223 3759 1325 3824 gene-

281 3836 392 3921 risque
409 3837 565 3905 nobilitati
582 3839 770 3905 indicandae
786 3839 954 3918 inservire,
976 3839 1018 3905 of.
1036 3838 1119 3906 Nub.
1136 3840 1189 3906 61
1232 3840 1323 3906 Hine

225 3964 228 3970 ¹
286 3938 379 4017 etiam
393 3940 590 4027 Κρόνιππος
606 3964 723 4008 nomen
740 3941 963 4029 explicandum
982 3941 1123 4021 arbitror,
1142 3943 1227 4028 quod
1244 3966 1324 4008 oon-

172 4092 174 4095 .
284 4041 358 4107 vioii
371 4041 440 4109 looo
454 4044 589 4130 ponitur,
606 4047 698 4129 quasi
710 4044 798 4111 dicas
813 4045 872 4110 ein
886 4044 1324 4133 hoohadeligerDumm·

284 4144 385 4233 kopf.
429 4145 524 4212 Alius
538 4147 664 4234 generis
680 4146 894 4234 ἱππόπορνος
907 4140 955 4215 est
969 4159 1001 4214 et
1014 4148 1042 4215 si
1056 4171 1136 4234 quae
1150 4149 1212 4215 alia
1224 4149 1323 4216 huius

284 4249 450 4316 commatis
468 4250 674 4337 reperiuntur.
