2859 4909
301 351 364 420 138
667 363 964 423 nrslsrrrnrs.

743 503 792 559 Vs.
811 504 895 574 nte!

405 639 595 728 ἆόικοῦμες·
615 637 683 709 ἀλλ’
700 638 719 709 ὁ
737 640 890 731 πρωκτός
908 640 1037 732 όφατον
1055 639 1101 724 ὦς
1117 644 1228 724 καλός.

365 779 598 847 Abhorrentem
620 802 640 846 a
660 779 804 847 laconico
830 802 975 848 sermone
1000 781 1135 848 formem
1161 777 1336 867 ἇόικοῦμες

301 885 453 951 incertam
475 883 551 950 feeit
573 882 719 949 oodioum
743 884 898 970 seriptum
916 880 1106 970 ἆόικιοῦμες
1122 885 1143 952 i.
1161 907 1190 954 e.
1211 882 1336 952 ἆόικίο-

301 1011 370 1072 μες.
415 985 512 1071 Quod
529 1009 613 1052 nuno
631 986 735 1054 editur
750 985 835 1053 Iunt.
855 986 965 1068 habet3
984 984 1153 1073 ἀδικίομες
1170 989 1336 1056 ediderunt

300 1087 490 1158 recentiores
508 1099 655 1175 reeteque
673 1088 847 1170 ediderunt,
867 1091 924 1157 sed
941 1113 1015 1158 oum
1031 1103 1167 1159 metrum
1183 1092 1230 1159 ita
1246 1093 1335 1181 iugu-

301 1194 383 1261 letur
405 1197 521 1279 (neque
538 1192 622 1259 enim
639 1192 767 1279 probari
782 1204 888 1280 potest
905 1194 1026 1282 Engeri
1043 1196 1149 1282 opinio
1168 1191 1334 1281 ἀδικίομες

301 1308 437 1383 quatuor
454 1294 584 1384 syllabis
602 1295 799 1363 efferendum
816 1318 888 1363 esse
910 1297 1070 1380 dicentis),
1092 1299 1246 1365 intactam
1267 1299 1334 1365 reli·

301 1400 356 1486 qui
378 1398 495 1467 editam
521 1400 718 1487 son'ptursm.
762 1399 834 1466 Non
862 1399 994 1467 dubium
1019 1401 1097 1467 mihi
1123 1402 1201 1487 quin
1226 1424 1333 1469 versus

301 1502 506 1591 interpolatus
524 1502 580 1581 sit,
598 1501 831 1590 Aristophanes
848 1512 955 1569 nutem
973 1504 1133 1591 scripserit
1151 1500 1332 1590 ἀδικίομες·

303 1601 320 1673 ὁ
345 1606 381 1673 (tt
403 1604 565 1694 πρωκτός.
611 1603 707 1689 Quod
730 1608 836 1673 statim
859 1607 1000 1693 sequitur
1022 1602 1151 1696 ἄφατον
1175 1603 1223 1688 ὥς
1239 1607 1333 1687 καλός

301 1709 447 1776 Bentleio
473 1708 617 1788 debetur,
644 1708 718 1775 libri
743 1711 829 1776 enim
855 1706 985 1799 όφατος
1006 1712 1062 1777 καὶ
1083 1710 1195 1793 καλός.
1241 1710 1332 1796 Quod

301 1813 361 1878 etsi
379 1812 456 1879 snite
474 1811 677 1878 emendatum
694 1812 745 1891 sit,
764 1812 900 1880 fortusse
914 1824 1019 1880 tamen
1032 1814 1150 1882 leniore
1162 1815 1332 1882 mutatione

300 1915 345 1980 itu
361 1914 474 2002 refingi
490 1924 609 2002 potest,
629 1924 664 1980 ut
681 1910 812 1996 ἁπαλὸς
829 1918 885 1983 καί
901 1914 1000 1996 καλὸς
1016 1927 1199 2005 reponatur.
1245 1916 1331 2001 Quae

301 2017 536 2106 coniunguntur
561 2018 656 2085 etism
681 2019 747 2084 Av.
771 2019 845 2086 667.
874 2015 920 2099 ὥς
945 2017 1044 2087 καλὸν
1070 2015 1264 2110 τούρνίθιον
1289 2015 1331 2099 ὥς

301 2116 333 2188 δ’
354 2117 484 2190 ἁπαλόν
501 2131 533 2191 et
549 2121 583 2189 in
599 2121 660 2190 heo
677 2122 748 2210 ipsu
765 2121 874 2189 nbula
892 2123 986 2191 1063.
1004 2118 1071 2212 κρέ’
1093 2121 1206 2192 ἔδεσθ’
1222 2119 1330 2191 ἁπαλὰ

302 2229 358 2294 καὶ
375 2223 469 2292 καλό.

745 2446 795 2503 Vs.
815 2447 893 2503 1153.

407 2583 552 2666 πολλοὺς
570 2581 601 2652 δ’
618 2584 769 2675 ἑταίρους
783 2582 914 2655 Ἱππίου
933 2588 989 2653 καὶ
1007 2586 1205 2672 ξυμμάχους,

409 2694 678 2789 ξυνεκμαχοῦντες
694 2695 735 2779 τῇ
753 2685 828 2759 τόθ’
846 2687 950 2779 ἡμέρᾳ
966 2689 1065 2775 μόνοι
1080 2727 1124 2738 -

365 2826 507 2893 Multum
524 2826 682 2913 trepident
699 2828 886 2915 interpretes
910 2828 950 2894 de
973 2830 1257 2913 ξυνεκμαχοῦντες,
1278 2848 1327 2892 ne-

300 2954 362 3019 que
379 2930 502 3010 iniuria,
522 2930 589 2997 sive
607 2929 690 2996 enim
708 2929 742 2996 id
759 2930 892 2997 verbum
907 2931 1075 3019 proflipare
1091 2930 1207 2997 bostem
1224 2954 1259 2996 εκ
1275 2930 1338 3008 ου’-ζ

301 3060 363 3125 quo
390 3036 525 3122 sapione,
562 3034 630 3100 sive
656 3036 761 3099 iuncta
787 3058 855 3100 enm
881 3036 976 3100 altero
1002 3057 1095 3121 opero
1120 3034 1334 3121 interpretere,¹

299 3150 446 3207 neutrum
469 3135 711 3223 comprimaris
732 3136 860 3204 notione
882 3136 1041 3203 consiliari
1066 3145 1181 3222 potest.
1228 3134 1327 3219 Quare

300 3252 480 3330 corruptum
498 3262 569 3308 esse
586 3249 663 3328 puto
680 3239 786 3306 locum
805 3249 837 3306 et
854 3249 974 3306 mutata
990 3240 1241 3327 interpunctione
1258 3237 1336 3304 sori·

300 3347 441 3417 bendum
458 3344 593 3412 conicio:

407 3479 551 3562 πολλοὺς
569 3477 600 3548 δ’
617 3478 768 3568 ἑταίρους
781 3474 914 3548 Ἱππίου
933 3480 989 3547 καὶ
1007 3478 1197 3564 ξυμμάχους

409 3586 695 3672 ξυνεκμοχίοῦντες
712 3588 753 3673 τῇ
770 3578 846 3651 τόθ’
863 3579 968 3671 ἡμέρᾳ
985 3581 1084 3666 μόνοι
1101 3619 1144 3632 -

298 3726 454 3792 Nimirum
476 3722 614 3810 Hippias
636 3743 709 3789 oum
732 3722 826 3788 soriis
848 3722 882 3786 in
903 3741 1007 3786 areenr
1030 3719 1228 3805 confugerat,
1251 3736 1323 3802 quos

299 3827 547 3895 Laoedsemonii
566 3826 674 3892 iuncto
695 3847 769 3893 eum
791 3822 1041 3890 Atheniensibus
1068 3843 1163 3909 oporu
1188 3818 1323 3888 vestibus

300 3931 434 3996 admotis
449 3952 489 3994 ex
502 3928 670 4016 Pelasgieo
684 3928 899 3997 exturbarunt.
940 3924 1009 3992 Ofr.
1022 3924 1206 3992 Herodotus
1220 3923 1261 4001 V,
1275 3919 1334 3986 642

298 4031 407 4100 Verbo
421 4031 684 4116 ουνεκμοχλεόειν
693 4032 763 4119 ipse
775 4053 855 4099 usus
867 4040 916 4096 est
924 4024 1157 4116 Aristophanes
1165 4028 1245 4114 Lys.
1255 4022 1321 4089 429.

298 4135 354 4222 qui
375 4134 505 4201 alteram
526 4134 662 4201 formem
682 4135 824 4219 μοχλοῦν
850 4133 957 4220 posuit
982 4132 1016 4197 in
1042 4132 1219 4220 fragmento
1243 4123 1322 4213 apud
1408 4127 1409 4130 ’

297 4239 420 4308 ΡοΙΙυυ.
440 4236 486 4315 Χ,
505 4236 558 4303 25.
576 4238 749 4321 μόχλωοον
767 4234 824 4325 τὴν
842 4236 959 4321 θόρον.
