2859 4909
247 391 253 398 ’
311 385 354 453 96
765 399 891 457 Avus.

310 540 525 628 γυρομάντεις
559 558 591 608 et
619 539 846 627 τυρομάντεις,
883 562 1017 625 quorum
1048 541 1125 607 illud
1156 539 1357 627 praeferam,

310 643 478 712 Loheokio
508 643 670 733 Aglaoph.
701 666 734 732 p.
767 643 840 712 815.
876 643 1099 732 πυρομάντεις
1129 654 1357 731 praeoptante.

310 747 459 833 Denique
489 748 574 814 idem
605 747 666 815 hoc
696 747 859 835 placentae
889 770 992 835 genus
1022 748 1130 815 nescio
1155 770 1202 813 an
1230 756 1359 834 praeter

311 851 559 938 Aristophanem
580 851 721 942 Acharn.
746 851 853 931 1125,
875 851 932 918 ubi
948 873 1021 918 cum
1043 850 1141 940 vulgo
1162 849 1357 937 τυρόνωτον

313 955 466 1040 scriptum
483 953 537 1033 sit,
555 977 620 1022 non
638 956 735 1033 male,
753 964 789 1021 ut
807 954 955 1040 equidem
972 954 1097 1042 opinor,
1116 976 1156 1020 ex
1174 951 1356 1018 Plutarcho

311 1056 428 1124 Moral.
446 1080 477 1145 p.
493 1057 565 1125 843.
580 1079 608 1124 c.
626 1058 811 1147 yvpo‘vmwv
828 1058 1017 1146 reposueris,
1035 1058 1129 1125 etiam
1143 1055 1356 1122 Anaxandri-

313 1160 369 1227 des
387 1160 547 1227 Athenaei
564 1159 624 1241 IV,
644 1161 717 1228 131.
736 1161 766 1228 d.
785 1160 1079 1228 commemoraverit
1094 1162 1235 1246 μέλιτος
1253 1161 1355 1247 τυροῦ

309 1268 431 1352 χορίων
447 1263 567 1353 μύρων,
586 1264 643 1331 ubi
659 1264 742 1331 male
760 1265 862 1331 editur
879 1268 1003 1353 πυριῦν.

379 1367 523 1433 Tertium
545 1390 673 1435 versum
694 1367 849 1455 adscripsi
870 1378 906 1433 ut
927 1368 1129 1435 vitiosissime
1146 1390 1167 1432 a
1184 1364 1354 1432 Brunckio

311 1469 414 1537 editus
433 1481 481 1538 est
486 1496 496 1550 3
514 1493 617 1557 neque
634 1470 736 1560 λάρος
752 1471 886 1559 primam
900 1470 1057 1559 syllabam
1069 1469 1228 1558 producit,
1249 1488 1352 1552 neque

311 1575 427 1641 ναστοὶ
455 1595 572 1661 genere
597 1574 749 1641 feminino
779 1574 842 1641 dici
871 1582 994 1662 potest,
1030 1595 1166 1659 quorum
1198 1571 1352 1639 vitiorum

311 1686 457 1742 neutrum
474 1676 555 1743 tollit
571 1676 732 1743 Dindorfii
751 1678 906 1765 scriptura
922 1672 959 1765 ἢν
978 1672 1009 1744 δ’
1026 1673 1191 1766 Ἡρακλέει
1210 1674 1283 1763 θύη
1300 1697 1350 1751 τις

309 1782 403 1863 βοῦν,
432 1777 525 1867 λάρῳ
540 1777 681 1859 ναστοὺς
696 1779 921 1864 μελιτοῦντας.
964 1779 1047 1846 Rav.
1069 1779 1228 1868 scriptura
1246 1788 1297 1845 est
1313 1772 1350 1863 ἢν

312 1875 343 1948 d'
360 1876 509 1967 Ἡρακλεῖ
530 1881 598 1971 θύη
621 1907 688 1964 τις,
716 1882 807 1971 λάρῳ
830 1880 969 1962 ναστοὺς
996 1883 1092 1951 θύειν
1118 1879 1348 1967 μελιττούτας.

314 1981 369 2051 Sic
378 1984 473 2050 etiam
482 1983 548 2065 alii3
564 1989 646 2070 βοῦν
655 1985 710 2052 ubi
723 1987 860 2074 primum
872 1986 1015 2053 additum
1028 1987 1079 2066 sit,
1096 2008 1162 2052 non
1173 1985 1349 2053 indicatum

311 2087 443 2177 reperio,
462 2087 587 2155 videtur
599 2111 640 2155 ex
656 2090 863 2177 praecedente
877 2112 982 2169 versu,
1000 2090 1034 2155 in
1046 2112 1109 2175 quo
1123 2084 1163 2177 ἢν
1176 2088 1215 2156 δὲ
1228 2099 1348 2157 Ποσει-

314 2193 395 2261 δῶνι
416 2196 497 2278 βοῦν
518 2217 570 2273 τις
592 2191 661 2281 θύη
683 2192 800 2259 lectum
823 2216 894 2260 esse
917 2193 1102 2261 scholiastes
1123 2193 1259 2274 indicat,
1287 2190 1347 2255 huc

312 2296 452 2363 delatum
470 2317 551 2364 esse.
597 2293 745 2363 Genuina
762 2319 873 2364 versus
892 2295 1059 2384 scriptura,
1077 2294 1345 2381 quemadmodum

312 2400 377 2466 iam
394 2409 467 2466 ante
484 2398 602 2465 multos
619 2422 719 2465 annos
737 2399 874 2479 ostendi,
893 2399 972 2466 haec
990 2408 1052 2466 est:

330 2516 369 2608 ἢν
383 2515 414 2586 δ’
426 2515 591 2610 Ἡρακλέει
604 2518 718 2608 tepor,
737 2518 828 2609 λάρῳ
842 2516 982 2600 ναστοὺς
994 2519 1093 2588 θύειν
1105 2522 1327 2605 μελιτοῦντας,

314 2662 395 2726 quae
417 2662 526 2727 presse
548 2640 738 2728 optimorum
760 2639 911 2742 librorum
936 2640 1071 2729 vestigia
1098 2642 1251 2727 sequitur.
1293 2636 1342 2702 De

314 2744 506 2810 coniunctivi
531 2743 634 2810 forma
658 2742 777 2830 θύηοι,
805 2765 887 2828 quae
912 2744 945 2808 in
971 2744 1109 2809 numeris
1136 2739 1341 2831 anapaesticis

312 2845 391 2912 nihil
412 2845 508 2912 habet
529 2845 562 2911 iu
583 2868 647 2932 quo
669 2847 741 2931 quis
763 2846 916 2925 offendat,
939 2847 1006 2914 dixi
1026 2847 1155 2935 Fragm.
1180 2846 1274 2914 Com.
1296 2864 1340 2930 gr·

313 2950 358 3015 ΙΙ.
376 2972 408 3037 p.
428 2948 506 3016 665.
528 2948 584 3014 ubi
605 2948 739 3016 eandem
761 2950 896 3016 formam
913 2949 1041 3017 Platoni
1061 2950 1184 3018 restitui
1205 2951 1240 3015 in
1261 2948 1342 3031 frag·

314 3063 421 3120 mento
446 3077 466 3118 a
488 3050 585 3118 schol.
608 3051 752 3120 Platonis
774 3075 805 3140 p.
829 3053 903 3119 314„
927 3053 1031 3121 Bekk.
1055 3061 1181 3121 servato
1201 3048 1262 3122 κᾶν
1286 3046 1340 3134 μὲν

314 3162 461 3245 πίπτησι
481 3150 524 3221 τὺ
541 3149 624 3222 λεύκ’
641 3153 767 3236 ἐπάνω,
792 3155 924 3244 φεύγειν
941 3152 1020 3239 ταχὺ
1038 3153 1116 3235 τοὺς
1135 3156 1265 3242 ἑτέρους
1284 3154 1339 3228 det,
1405 3143 1406 3146 ¹

314 3261 370 3328 uhi
382 3262 459 3327 item
472 3258 572 3325 codex
587 3257 683 3325 habet
697 3263 816 3348 πλπτη.
853 3259 1001 3345 Denique
1014 3262 1128 3327 voocol
1141 3261 1340 3345 μελιτοῦνιες

206 3418 209 3424 .
314 3364 390 3431 dicti
407 3373 494 3441 sunt,
512 3371 548 3427 ut
566 3358 662 3450 ἄρτοι
680 3368 915 3449 σησαμοῦντες,
939 3369 1168 3452 πυραμοῦντος
1185 3373 1216 3429 et
1234 3361 1294 3428 alia
1310 3353 1341 3420 id

314 3490 430 3555 genus3
456 3466 580 3533 codices
605 3465 819 3550 μελιττοῦτας
840 3465 973 3545 habent,
999 3491 1019 3532 a
1041 3489 1104 3552 quo
1125 3488 1189 3532 nou
1210 3464 1340 3557 multum

314 3570 406 3637 abest
419 3570 504 3656 quod
518 3591 578 3658 ego
593 3569 721 3656 reposui
733 3570 953 3653 μελιτοῦντας.
981 3568 1020 3634 In
1029 3579 1212 3635 transcursu
1221 3583 1338 3637 moneo,

315 3672 399 3758 apud
412 3672 576 3740 Pollucem
590 3671 648 3751 VI,
666 3672 716 3738 76.
735 3694 792 3759 pro
805 3673 1011 3756 μελιττοῦτα,
1029 3695 1111 3758 quae
1124 3671 1217 3759 plane
1231 3669 1339 3735 vitiosa

314 3774 417 3841 forma
434 3785 491 3856 est,
512 3775 712 3843 scribendum
731 3798 800 3842 esse
817 3777 1024 3860 μελιτοῦττα.

764 3927 816 3985 Vs.
832 3928 892 3985 575.

325 4024 423 4117 Ἥρην
441 4029 478 4096 δέ
494 4026 521 4117 μ’
533 4028 670 4122 Ὅμηρος
688 4028 803 4122 ἔφασκ’
819 4032 924 4120 ἰκέλην
942 4028 1027 4100 εἶναι
1043 4030 1185 4119 τρήρωνι
1200 4032 1321 4116 πελείῃ.

378 4149 443 4217 Pro
453 4144 550 4238 Ἥρην
563 4152 729 4241 legebatur
740 4143 824 4240 Ἰριν,
844 4152 929 4238 quod
946 4174 1018 4219 cum
1029 4146 1127 4239 Ἥρην
1145 4150 1337 4218 scribendum

314 4278 384 4323 esse
409 4254 615 4321 intellexisset
641 4255 819 4336 Beothius,
850 4256 1037 4322 Dindorfius
1060 4249 1160 4343 Ἥραν
1188 4250 1336 4340 praetulit
