2859 4909
730 326 829 382 PAX.

727 464 776 520 Vs.
796 465 837 519 82.

495 568 617 661 ἥσυχος
634 566 763 660 ἥσυχος,
783 567 897 659 ἠρέμα,
916 568 1060 636 κάνθων.

328 697 420 763 Haeo
442 717 506 760 non
529 703 677 780 suspecto
698 693 827 757 fuerunt
848 689 978 768 criticis,
1000 712 1060 755 neo
1078 700 1184 754 tamen
1205 689 1306 754 video

263 823 328 887 quo
345 807 439 887 poeto
457 797 670 863 nominativus
687 789 808 884 ἥσυχος
825 792 990 860 commode
1012 792 1160 879 explicari
1181 794 1305 880 possit3

264 913 348 971 oerte
366 902 445 970 ἰ’σθι
462 900 513 966 vel
532 897 582 983 ἐ’χε
600 900 650 966 vel
667 902 745 984 μένε
760 895 898 985 suppleri
911 919 975 962 non
990 906 1102 983 potest.
1149 893 1306 963 Scriben-

265 1008 343 1073 dum
361 1005 504 1092 suspicor
520 1001 624 1093 ἡσσχῄ
642 999 756 1092 ἡσυχῇ.

715 1154 766 1211 Vs.
785 1154 844 1209 138.

392 1268 448 1331 νῦν
467 1259 497 1329 d'
515 1256 583 1328 ἅττ’
599 1256 639 1328 ἂν
658 1257 759 1340 αὐτὸς
775 1259 957 1348 καταφάγω
976 1254 1018 1325 τὰ
1037 1262 1105 1324 σιτέ
1129 1308 1136 1323 .

330 1383 485 1452 Offensus
520 1382 652 1449 articulo
685 1381 828 1449 Cobetus
863 1379 991 1467 corrigit
1026 1378 1207 1468 καταφάγω
1236 1376 1303 1466 ’γὼ

265 1492 367 1556 σιτία.
419 1486 550 1552 Poterat
580 1486 676 1551 etiam
707 1484 831 1551 facilius
861 1481 1044 1572 καταφάγω
1076 1477 1103 1568 γ’
1130 1479 1170 1548 ἂν
1197 1490 1303 1552 σιτία.

264 1592 395 1657 Editom
420 1600 526 1654 tamen
546 1586 740 1675 'scripturam
767 1596 872 1653 tuetur
897 1610 944 1652 vs.
968 1587 1042 1653 676.
1070 1575 1173 1675 οὗπερ
1197 1590 1304 1676 φησὶν

265 1689 349 1760 εἶναι
362 1696 421 1760 τοῦ
435 1690 564 1778 πατρός
578 1702 610 1756 et
623 1714 670 1757 vs.
683 1692 756 1759 791.
772 1690 790 1758 ὃ
804 1685 882 1779 παρ’
895 1688 1033 1769 ἐλπίδας
1046 1685 1112 1772 εἶχε
1124 1687 1163 1757 τὸ
1177 1693 1304 1792 δρᾶμα.

329 1796 411 1861 Mox
425 1818 473 1861 vs.
490 1794 562 1862 154.
577 1794 706 1874 iniuria,
725 1795 846 1881 opinor,
864 1794 971 1860 neseio
984 1816 1068 1859 nuno
1079 1794 1150 1878 quis
1165 1796 1306 1874 mutauit

263 1898 433 1965 verborum
450 1897 593 1963 ordinem
611 1892 678 1964 ἀλλ’
696 1894 755 1985 ἄγε
769 1897 902 1984 Πήγασε
916 1887 1019 1985 γώρει
1029 1901 1161 1985 χαίρων,
1182 1897 1307 1964 abolita

264 2025 360 2089 quam
382 2000 525 2067 consulto
547 2001 703 2086 quaesivit
729 2011 823 2088 poeta
852 2000 1016 2087 pareohesi
1039 2000 1141 2088 χώρει
1164 2005 1303 2085 χαίρων,

264 2129 360 2192 quarn
386 2104 526 2191 neglexit
552 2128 628 2170 sane
654 2115 748 2191 poeta
774 2104 856 2171 Rau.
886 2105 979 2169 1500.
1014 2099 1073 2189 ἄγε
1105 2100 1144 2191 δὴ
1173 2110 1304 2192 χαίρων
1376 2191 1380 2197 ¹

263 2207 408 2292 Αἰσχύλε
423 2207 533 2296 χώρει.
568 2245 572 2248 -
1347 2208 1352 2214 ’

716 2350 766 2407 Vs.
785 2352 844 2406 217.

416 2452 532 2544 ἐλέγετ’
549 2451 590 2523 ἂν
607 2451 703 2540 ὑμεῖς
720 2452 836 2536 εὐθύς·
856 2454 1105 2541 ἐξαπατώμεθα

415 2559 452 2649 νὴ
471 2558 529 2648 την
543 2556 694 2646 Ῐέθηνᾶν,
714 2556 751 2647 νὴ
770 2555 836 2638 Δί’,
853 2556 927 2642 οὐχὶ
944 2551 1108 2628 πειστέον.

330 2680 529 2768 Trisyllabae
551 2681 671 2746 formae
692 2675 816 2768 ’Ἀθηνᾶ
838 2702 938 2766 quum
962 2681 1084 2746 nullum
1111 2682 1144 2746 in
1170 2682 1306 2767 antiqua

264 2784 383 2852 otthide
415 2783 594 2875 exemplum
624 2785 798 2871 reperiatur
828 2795 859 2850 et
890 2785 1024 2851 duorum
1053 2784 1306 2868 iuramentorum

265 2886 443 2954 coniunctio
474 2886 646 2953 admodum
675 2886 815 2954 insolens
848 2888 901 2967 sit,
937 2897 1021 2954 reote
1047 2911 1099 2953 me
1125 2888 1304 2955 correxisse

265 2991 411 3057 existimo
428 2987 466 3075 vi,
488 2986 547 3077 τὴν
562 2984 754 3075 Ἀθηναίαν·
773 2988 821 3073 μὰ
840 2988 894 3057 Δί’
912 2987 984 3074 οὐχὶ
1001 2995 1165 3058 πειστέον.
1209 2991 1305 3073 Ean-

265 3094 338 3160 dem
360 3093 401 3160 ob
424 3115 567 3171 oausam,
595 3094 720 3179 opinor,
747 3093 907 3181 Bergkius
930 3094 1029 3161 verba
1051 3092 1304 3179 ἐξαπατώμεθα

264 3193 303 3284 νὴ
329 3193 389 3284 τὴν
412 3192 566 3284 Ἀθηνᾶν,
593 3192 630 3282 νὴ
660 3191 715 3263 Δί’
741 3206 892 3281 tanquam
920 3198 1027 3284 spuria
1053 3198 1191 3265 seclusit.
1234 3197 1302 3263 Pro

158 3306 160 3310 ’
265 3305 419 3369 πειστέον
441 3300 557 3367 reotius
580 3299 716 3367 fortasse
738 3300 943 3388 Hirschigius
965 3301 1007 3367 ad
1028 3301 1154 3387 Vespas
1171 3322 1203 3387 p.
1225 3301 1302 3368 149.

265 3406 387 3492 reponit
406 3408 592 3471 σπειστέον.

720 3546 770 3604 Vs.
787 3547 847 3601 232.

395 3648 462 3718 ἀλλ’
479 3648 563 3737 εἶμι·
582 3654 637 3718 καὶ
653 3648 716 3740 γὰρ
736 3649 856 3733 ἐξιέναι
872 3653 1002 3741 γνώμην
1020 3649 1047 3740 γ’
1065 3649 1144 3739 ἐμὴν

393 3756 519 3838 μέλλει·
538 3761 682 3844 θορυβεῖ
696 3761 774 3842 γοῦν
793 3754 940 3824 odoro.

328 3874 380 3940 Ita
410 3875 612 3940 scribendum
641 3899 699 3962 pro
730 3876 861 3965 γνώμην
892 3875 985 3964 ἐμήν,
1022 3886 1058 3942 ut
1091 3875 1171 3942 vidit
1205 3876 1303 3943 etiam

265 3976 511 4044 Herwerdenus
558 3976 627 4044 cfr.
645 3978 735 4045 Eool.
757 3980 829 4047 153.
851 3986 907 4047 νῦν
930 3977 961 4046 d’
980 3975 1038 4046 οὐκ
1056 3977 1144 4047 ἐάσω
1161 3979 1246 4045 κατά
1263 4005 1303 4067 γε

264 4076 323 4167 τὴν
341 4078 429 4168 ἐμήν.
473 4079 573 4167 Vesp.
593 4081 674 4148 983:
691 4079 754 4168 ἐγώ
776 4080 838 4172 γὰρ
863 4080 1072 4169 ἒπεδώκροσα
1093 4086 1149 4150 νῦν
1170 4080 1304 4172 γνώμην

266 4180 344 4272 ἐμὴν
368 4184 373 4270 Ι
399 4179 493 4251 οὐδέν
524 4180 598 4251 ποτ’
628 4181 698 4251 ἄλλ’
727 4181 749 4272 ἢ
779 4192 836 4273 τῆς
862 4192 969 4274 φακῆς
997 4183 1216 4274 ἐμπλήμενος,
1245 4186 1304 4253 ubi
