2859 4909
259 366 321 433 192
590 374 963 433 ECCLESIAZUSAE.

710 514 760 570 Vs.
779 514 839 568 342.

354 620 482 709 φρούδη
499 618 560 688 ’στ’
581 618 700 704 ἔχουσα
718 618 913 704 θοίμάτιον,
932 612 1019 703 οὖγώ
1034 612 1182 705 ’φόρουπ

355 720 413 791 κού
432 729 530 792 τοῦτο
548 724 650 790 λυπεῖ
664 717 709 807 μ’,
730 718 885 788 ἀλλὰκαὶ
902 717 962 800 τὰς
980 719 1136 805 ἐμβάδας.

325 846 435 912 Locus
457 853 638 931 oorruptus,
665 864 760 927 quem
782 843 967 930 interpretes
989 840 1067 907 nihil
1088 841 1163 907 mali
1189 842 1306 928 suspi-

262 959 370 1015 cantes
394 948 479 1015 sicco
497 947 577 1035 pede
594 945 794 1012 transierunt
840 944 935 1012 Unde
953 945 1037 1010 enim
1054 944 1191 1032 pendere
1210 946 1307 1011 diea-
1425 975 1426 1016 t

262 1075 334 1118 mus
352 1049 450 1117 verba
468 1045 552 1117 ἀλλὰ
569 1050 625 1116 καὶ
641 1045 702 1127 τὰς
725 1046 891 1132 ippodes?
917 1070 998 1135 quae
1019 1071 1083 1134 quo
1104 1056 1198 1135 poeto
1221 1070 1305 1114 oum
1425 1117 1426 1120 ,

263 1155 360 1222 totius
378 1154 441 1220 loci
459 1163 614 1220 structura
631 1152 791 1219 conciliari
807 1152 931 1239 possint
947 1174 1011 1218 non
1028 1151 1184 1240 intelligo,
1207 1163 1307 1239 pote·

264 1269 337 1324 runt
355 1279 430 1324 vero
447 1256 480 1322 in
497 1257 581 1323 huno
599 1255 729 1322 modum
748 1265 900 1322 correcta:
929 1249 997 1321 ἀλλ’
1018 1248 1072 1322 ὅτι
1088 1257 1144 1321 καὶ
1160 1251 1222 1332 τὰς
1241 1252 1306 1339 ἒμ-

264 1360 383 1445 potas,
406 1383 459 1428 neo
476 1361 532 1427 Ιιοο
549 1371 667 1425 tantum
685 1381 774 1445 οεγτο
784 1359 871 1446 foro,
893 1361 1054 1425 sedetiam
1073 1362 1156 1446 quod
1171 1361 1305 1427 calceos.

717 1511 768 1567 Vs.
786 1510 846 1566 364.

360 1623 411 1698 τίς
428 1623 494 1685 τῶν
511 1614 596 1684 κατὰ
612 1612 766 1705 πρωκτὸν
783 1614 889 1694 δεινός
907 1612 978 1682 ἔστι
994 1614 1053 1704 τὴν
1070 1620 1196 1705 τέχοφνς

353 1715 421 1787 ἀλλ’
438 1715 514 1800 οἶδ’,
531 1715 688 1804 Ἀμύνων·
712 1713 781 1785 ἀλλ’
798 1718 879 1797 ἴσως
897 1713 1082 1806 ἀρνήσεται.

331 1838 388 1908 Sic
410 1837 611 1905 scribendum
632 1839 743 1925 putavi
763 1861 821 1925 pro
843 1860 881 1905 eo
898 1839 983 1924 quod
1000 1839 1098 1927 vulgo
1115 1840 1234 1927 legitur
1253 1831 1308 1926 ἆρ’

268 1938 333 2010 οἶδ’
350 1937 509 2026 Ἀμώνωνς
531 1941 618 2027 quod
636 1941 755 2007 servari
771 1963 867 2028 posse
884 1942 1021 2020 videtur,
1045 1943 1072 2009 si
1090 1943 1140 2008 vel
1157 1941 1199 2009 τὰ
1217 1942 1311 2011 κατὰ
1427 1977 1428 1980 “

268 2044 421 2134 πρωκτόν
438 2044 489 2111 vel
506 2042 563 2132 τὴν
580 2048 690 2131 τέχνην
707 2049 773 2112 τῶν
790 2040 874 2111 κατὰ
891 2045 1043 2134 πρωκτόν
1061 2045 1226 2133 suppleas,
1248 2048 1325 2138 sed,

269 2163 447 2234 utrumque,
466 2158 501 2214 ut
519 2147 665 2232 equidem
683 2148 804 2235 opinor,
822 2158 916 2235 poeta
933 2148 1042 2214 invito.

722 2300 771 2357 Vs.
791 2299 851 2354 383.

335 2406 373 2474 τὸ
393 2402 424 2474 δ’
441 2405 547 2474 αἴτιον
564 2411 614 2489 τίς
653 2414 720 2472 ΧΡ.
744 2406 900 2484 πλεῖστος
918 2400 1109 2494 ἀνθρώπων
1128 2398 1238 2488 ὄχλος,

337 2505 415 2590 ὅσος
434 2504 642 2577 οὐδεπώποτ’
657 2498 746 2596 ἦλθ’,
766 2501 895 2596 ἅθρους
913 2506 946 2587 ἐς
963 2504 1021 2594 τὴν
1038 2507 1154 2574 πύκνα.

338 2631 388 2696 Ita
400 2630 480 2696 haee
493 2629 605 2717 scripsi
610 2654 619 2709 ;
639 2629 696 2695 sed
710 2629 772 2694 alio
785 2628 904 2694 ducunt
918 2628 1054 2706 codices,
1072 2650 1207 2714 quorum
1220 2630 1310 2697 Rav.

272 2733 367 2800 habet
385 2722 487 2817 ἦλθεν
506 2730 654 2820 ἁθρόως,
671 2742 713 2801 A.
732 2721 834 2819 ἦλθεν
853 2725 991 2819 ἀθρόος,
1010 2732 1116 2817 itaque
1133 2732 1311 2820 legendum
1426 2771 1429 2790 ‹

273 2836 410 2900 videtur:

391 2931 469 3015 ὅσος
487 2931 708 3016 οὐδεπώποτ’,
731 2927 834 3024 ἦλθεν
852 2933 990 3025 ἁθρόως
1007 2936 1040 3016 ἐς
1057 2936 1174 3005 πύκνα.

273 3039 381 3108 πύκνα
399 3040 467 3106 sine
485 3039 616 3107 articulo
633 3040 712 3106 dixit
730 3041 805 3106 item
827 3063 875 3106 vs.
893 3041 967 3106 243.
995 3039 1145 3106 Ceterum
1168 3041 1312 3108 colorem

274 3144 347 3210 hino
374 3140 464 3210 duxit
485 3142 663 3230 Dionysius
685 3143 786 3209 Arch.
808 3143 902 3211 Rom.
925 3143 1006 3222 VII,
1031 3144 1081 3209 17.
1110 3139 1208 3226 ὄχλος
1234 3144 1311 3233 γάρ,

276 3242 357 3328 ὅσος
375 3241 597 3326 οὐδεπώποτ’,
617 3243 684 3313 ἐκεῖ
700 3248 872 3333 συνῆλθεν.

729 3381 779 3437 Vs.
796 3382 856 3436 390.

392 3483 464 3554 οὐδ’
481 3485 512 3554 εἰ
527 3483 575 3572 μὰ
594 3490 660 3553 Δία
676 3480 745 3553 τότ’
761 3475 879 3573 ἦλθες,
899 3480 954 3553 ὅτε
971 3482 1009 3553 τὸ
1028 3483 1179 3569 δεύτερον

396 3586 579 3678 ἁλεκτρυὼν
598 3584 783 3677 ἐφθέγγετ’.

340 3710 432 3777 Haeo
449 3731 576 3795 quoque
592 3731 704 3775 vereor
722 3731 762 3775 ne
779 3731 842 3774 non
859 3709 981 3796 integre
1000 3708 1115 3794 scripto
1133 3707 1208 3772 sint.
1245 3707 1314 3775 Pro

265 3810 324 3894 ’μὰ
342 3817 407 3878 Δία
425 3813 631 3899 expectabam
648 3809 686 3897 νὴ
705 3817 781 3879 Δία.
820 3811 928 3895 Quare
947 3809 1147 3877 scribendum
1165 3810 1295 3897 opinor:

373 3909 450 3979 οὐδὲ
466 3912 514 3998 μὰ
532 3910 587 3981 Δί’
605 3914 635 3980 εἰ
652 3911 719 3981 τότ’
734 3904 852 4002 ἦλθες,
873 3909 928 3981 ὅτε
944 3911 982 3981 τὸ
1002 3912 1153 4002 δεύτερον
1172 3950 1215 3962 -

277 4015 375 4099 Quod
392 4014 511 4081 ibidem
524 4017 639 4104 legitur
652 4016 835 4105 ἐφθέγγετο
849 4018 889 4083 de
902 4017 986 4104 gallo
1000 4015 1174 4104 gallinaceo
1188 4014 1314 4081 dietum

275 4121 309 4185 in
335 4117 505 4184 rarioribus
532 4129 582 4185 est
608 4129 640 4185 et
665 4121 732 4186 fere
759 4120 908 4186 orationis
933 4118 1137 4197 sublimioris,
1163 4129 1201 4184 ut
1223 4119 1314 4205 apud

277 4223 388 4288 Ionem
405 4221 561 4307 tragicum
578 4221 618 4289 fr.
637 4221 689 4288 53.
709 4217 778 4288 ἀλλ’
794 4218 1011 4310 ὀλιγὸραοέων
1028 4219 1267 4311 φθογγώζεται.
