2859 4909
538 378 697 437 RANAE.
1075 368 1137 435 163

118 544 178 588 esse
204 543 329 586 versum
360 518 546 584 restitutori.
597 518 720 585 Addidi
750 520 837 605 quod
867 519 960 587 facile
992 521 1136 589 excidere

118 626 205 712 potuit
221 618 308 691 ὅπου
323 616 386 690 ’στ’
406 622 597 709 scripsiques
638 684 641 689 ,
865 701 867 705 ι

129 740 189 811 ‘HR
210 740 361 830 Ἀγάθων
379 742 415 809 δὲ
432 748 501 809 ποῦ
516 738 608 826 ’σθ’,·
642 753 698 811 ΔΙ.
723 736 810 810 ὅπου
825 738 907 827 ’στ’,·
939 739 1118 813 ἀπολιπών

704 842 738 930 μ’
757 846 894 930 οἴχεται.

117 950 188 1016 Aliis
215 950 352 1016 fortasse
384 947 501 1016 Cobeti
530 949 708 1017 emendatio
738 949 947 1038 praeferenda
979 950 1139 1019 videbitur

114 1049 248 1139 Ἀγάθων
275 1053 313 1120 δὲ
338 1058 407 1120 ποῦ
433 1046 513 1120 ποτ’
538 1049 622 1136 ἐστ’,·
649 1049 829 1120 ἀπολιπών
854 1049 891 1138 μ’
917 1051 1053 1137 οἴχεται.
1097 1055 1138 1121 In

119 1154 308 1240 sequentibus
336 1180 383 1222 vs.
407 1157 458 1222 87.
480 1166 554 1243 post
575 1155 793 1243 Πυθάγγελος
819 1155 856 1222 δὲ
877 1156 1013 1223 duorum
1038 1158 1139 1224 hemi·

119 1260 287 1325 stichiorum
316 1259 464 1325 lacunam
495 1257 643 1324 indicavi.
698 1258 783 1326 Cum
814 1258 898 1324 enim
924 1260 958 1325 in
984 1270 1050 1328 toto
1076 1262 1138 1329 hoo

117 1361 229 1450 dialogo
254 1360 390 1429 Herculi
416 1362 455 1427 de
481 1361 611 1449 tragicis
636 1361 738 1449 poetis
765 1360 937 1428 sciscitanti
959 1361 1138 1452 Dionysius

118 1463 151 1530 de
165 1485 288 1551 quoque
309 1464 429 1551 aliquid
451 1464 655 1552 respondeat,
682 1485 746 1549 quo
769 1465 836 1531 eius
858 1461 980 1533 indoles
1001 1464 1139 1534 breviter
1185 1478 1189 1485 '

119 1567 271 1647 indicatur,
298 1591 364 1635 non
388 1578 493 1655 potest
518 1590 583 1634 non
608 1566 724 1633 mirum
750 1567 850 1634 videri
872 1567 912 1635 de
934 1567 1136 1658 Pythangelo

119 1670 184 1737 nihil
198 1669 382 1759 praedicari.

565 1840 616 1897 Vs'.
636 1841 680 1895 94.

249 1946 272 2012 ἃ
290 1946 423 2035 φροῦδα
440 1951 579 2027 θᾶττον,
599 1940 637 2034 ἢν
654 1944 755 2030 μόνον
770 1944 869 2034 χορὸν
887 1947 981 2036 λάβῃ,

250 2044 345 2130 ἅπαξ
360 2049 637 2138 προσουρήσαντα
652 2055 692 2138 τῇ
710 2049 889 2138 τραγῳδίᾳ.

8 2209 11 2234 ι
173 2170 289 2241 Parum
314 2181 399 2236 recte
425 2170 503 2235 mihi
529 2170 649 2236 dictum
671 2168 839 2236 videbatur
859 2165 898 2256 ήν
919 2169 1021 2255 μόνον
1039 2168 1139 2260 χορὸν

9 2359 12 2368 Ι
120 2273 204 2362 λάβῃ,
230 2280 259 2339 αι’
284 2277 375 2339 modo
401 2273 526 2339 τίουσαι
547 2277 630 2338 nacti
644 2274 781 2361 suctim,
808 2273 842 2338 in
863 2294 932 2357 quo¹
948 2273 1028 2340 illud
1048 2279 1139 2341 modo

121 2401 202 2462 quam
226 2378 292 2443 vim
317 2374 434 2442 habeat
459 2400 524 2442 non
550 2376 721 2463 perspioi03
749 2374 972 2461 expectabam,
999 2379 1029 2443 si
1049 2380 1142 2444 semel

121 2482 229 2548 elotum
246 2484 424 2569 occepmot.
469 2479 552 2544 Eam
574 2478 614 2546 ob
637 2502 768 2545 oausam
790 2489 845 2544 aut
866 2474 905 2567 ἢν
929 2473 1023 2561 ἅπαξ
1037 2478 1139 2566 μόνον

122 2585 192 2672 λάβῃ
203 2585 310 2674 χορόν,
329 2593 383 2650 aut
397 2583 483 2668 quod
496 2582 641 2669 praefero
653 2579 692 2670 ἢν
707 2577 801 2663 ἅπαξ
813 2578 912 2671 χορὸν
926 2582 1021 2671 λάβῃ,
1039 2581 1140 2668 μόνον

121 2685 381 2775 προσουρήσαντα
402 2685 603 2752 scribendum
626 2686 784 2773 suspicor,
808 2709 871 2772 quo
893 2687 955 2753 hoc
976 2687 1071 2754 etiam
1093 2685 1141 2752 ef·

5 2781 22 2857 i'
121 2790 217 2870 ficitur,
227 2802 267 2857 ut
280 2788 557 2878 προσουρήσαντα
570 2789 634 2854 iam
649 2789 812 2876 aptissime
826 2787 1013 2855 adiunctum.
1024 2789 1140 2857 habeat

120 2893 219 2975 μόνον,
247 2893 328 2960 nihil
347 2895 396 2958 illi
417 2894 505 2957 aliud
526 2917 620 2979 quom
641 2895 827 2979 imminuunt
852 2893 1048 2980 tragoediae,
1075 2918 1140 2960 non

120 3009 212 3064 autem
229 3021 300 3064 eam
317 2996 524 3074 foecundant3
551 2996 613 3061 hoo
630 3007 737 3061 autem
756 2994 883 3064 volebat
901 2991 1080 3084 Dionysus,
1105 3006 1140 3062 ut

117 3102 212 3166 statim
229 3101 298 3188 ipse
316 3100 392 3166 dicit
408 3098 544 3186 γόνιμον
563 3099 599 3165 δὲ
616 3095 758 3185 ποιητήν
776 3094 816 3165 δυ
835 3095 893 3182 οὐχ
912 3092 1021 3184 ἐδροις
1040 3098 1098 3166 ἔτι.

557 3284 607 3342 Vs.
626 3286 687 3340 114.

273 3392 402 3473 πόλεις,
424 3391 568 3468 διαίτας,
586 3390 859 3478 πανδοκευτρίας,
879 3384 965 3456 ὅπου

272 3494 381 3584 κόρεις
399 3490 572 3581 ὀλίγιστοι.

173 3617 242 3683 Non
260 3617 328 3683 sine
346 3637 443 3681 causa
458 3612 694 3679 Herwerdcnus
712 3613 746 3679 in
763 3613 1022 3702 πανδοκευτρίας
1039 3612 1140 3679 offen-

5 3785 10 3805 ,
117 3718 171 3798 dit,
192 3721 336 3787 tabernas
358 3718 464 3805 potius
487 3738 583 3802 quam
607 3716 755 3783 mulieres
777 3717 984 3803 cauponatias
1006 3739 1026 3781 a
1046 3725 1142 3804 poeta

7 3835 11 3862 ί
116 3822 398 3889 commemorandas
415 3820 516 3887 fuisse
534 3819 653 3886 dicens.
700 3820 813 3908 Itaque
833 3814 1006 3887 πανδοκεῖ
1025 3815 1139 3907 ἄρισθ’
1173 3877 1179 3904 ,

115 3939 245 4010 aposta
271 3926 424 4012 scriptum
454 3923 555 3989 fuisse
582 3923 772 4009 suspicatur.
816 3923 889 3989 Non
915 3923 1009 3989 oredo
1035 3932 1142 3990 tamen

119 4028 336 4095 sollicitandam
354 4050 426 4094 esse
443 4027 581 4093 libonem
599 4026 785 4113 scn‘pturam
791 4052 800 4106 3
819 4027 1040 4114 coniungenda
1058 4028 1142 4093 enim

119 4129 237 4212 διαίτας
249 4127 518 4219 πανδοκευτρίαςρ
537 4129 993 4219 ιιίπανδοκτύτριαικδίεοίίνὶ
1004 4139 1143 4218 poteste-

119 4245 175 4298 tem
189 4235 311 4302 habeat.

863 4337 928 4402 11*
