2859 4909
556 396 656 451 PAX.

543 532 593 589 Va.
612 534 672 589 836.

478 632 524 717 ιῖις
541 627 629 726 ἦλθ’,
654 634 782 720 εὖθέιυς

280 737 362 827 έῴυν
381 735 481 806 αὐτὸν
498 740 622 821 πάντες
640 740 776 811 έκάλουν
795 738 927 830 άστέρα.

168 859 225 943 Qui
241 860 302 926 sint
318 860 365 926 illi
381 860 517 941 πάντες,
537 861 655 929 frustra
671 884 822 949 quaerere
839 864 1025 945 allaboravi3
1049 866 1126 932 acri·

116 962 231 1029 bendum
249 964 392 1051 suspicor
408 962 532 1044 πάντες
550 963 686 1033 ἐκάλουν
705 962 849 1053 ἀστέρες.

540 1116 591 1173 Va.
609 1118 669 1173 886.

208 1216 265 1307 άγε
283 1217 324 1309 δὴ
343 1218 382 1288 σὺ
402 1220 554 1289 κατάθου
574 1228 694 1306 πρώτα
711 1220 753 1289 τὰ
772 1223 869 1312 σκεύη
886 1229 1005 1309 χαμαί.

164 1340 247 1424 Quae
279 1341 342 1407 sint
371 1338 413 1407 τὰ
445 1342 560 1429 σκεύη,
596 1365 678 1427 quae
703 1354 829 1431 gestare
855 1344 932 1410 dicit
957 1344 1148 1432 Trygaeus‘

23 1479 28 1488 ·
111 1444 259 1510 Theoriam
285 1444 385 1527 (hane
411 1446 496 1511 enim
522 1444 721 1531 alloquitur),
753 1469 847 1514 nemo
872 1447 976 1514 adhuc
1002 1447 1123 1527 doouit3

19 1591 20 1594 =
112 1549 253 1633 sequentia
265 1546 435 1614 ostendunt
448 1557 565 1634 aperte,
583 1547 691 1615 iubere
705 1549 888 1636 Trygaeum
902 1551 1071 1619 Theoriam
1087 1563 1123 1617 ut

17 1693 18 1696 =
110 1651 209 1717 nudam
230 1672 300 1719 sese
322 1651 526 1737 spectandam
547 1650 707 1739 praebeat.
751 1651 835 1718 Eam
852 1653 894 1721 ob
916 1677 1045 1723 oausam
1065 1651 1123 1742 τὴν

18 1769 19 1784 ²
110 1753 207 1843 σκευήν
224 1754 351 1840 sompni,
370 1754 562 1833 coniectura,
587 1764 624 1819 ut
638 1755 758 1841 opinor,
777 1756 959 1824 certissima.

17 1853 18 1876 l
180 1875 184 1884 .

539 1914 590 1971 Vs.
607 1916 669 1970 897.

177 2021 317 2106 πλαγίαν
335 2020 562 2104 καταβάλλειν,
582 2017 615 2099 ἒς
631 2020 755 2106 γόνατα
772 2018 866 2106 aussd’
882 2020 1026 2092 ἑστάναι.

94 2170 98 2178 ·
159 2139 295 2206 Diatinxi
315 2149 390 2227 post
412 2137 446 2219 ἐς
466 2139 603 2227 γόνατα,
628 2142 778 2225 quoniam
801 2144 855 2228 qui
875 2143 909 2209 in
926 2167 1031 2231 genua
1048 2167 1122 2230 pro·

106 2243 210 2309 eumbit
229 2265 293 2309 non
314 2252 419 2331 potest
440 2241 576 2312 ἑστάναι
598 2246 673 2324 dioi3
700 2256 785 2312 reete
811 2258 918 2313 autem
944 2244 978 2326 ές
998 2246 1122 2333 γόνατα

107 2346 305 2432 καταβάλλειν
323 2346 387 2412 dici
408 2356 512 2432 potest
533 2349 576 2428 is,
600 2349 656 2433 qui
677 2349 774 2415 alium
795 2349 829 2414 in
850 2372 955 2435 genua
976 2372 1123 2436 procum·

106 2448 168 2516 bere
184 2449 278 2516 iubet.
322 2447 379 2514 Ad
399 2450 543 2537 aloytum
564 2452 701 2518 conferri
724 2461 830 2539 potest
852 2450 988 2519 Ovidius
1010 2449 1054 2517 A.
1077 2452 1121 2516 A.

106 2552 254 2631 111,788.
286 2577 354 2618 ευαι
379 2556 456 2619 iacet
485 2557 519 2619 iu
546 2558 685 2621 deutrum
710 2558 897 2642 semisupina
924 2556 1013 2620 latua.
1057 2554 1121 2620 Pro

105 2652 225 2724 ἑστάναι
241 2657 287 2723 rei
304 2655 571 2724 accommodatius
590 2658 686 2723 fuerit
704 2657 844 2725 ἱστάναι.

539 2809 589 2866 Vs.
608 2811 667 2865 931.

346 2909 386 2981 ἵν’
404 2908 484 2982 ὅταν
503 2912 535 2982 ἒν
552 2921 594 3003 τῇ
608 2910 760 3003 ’κκλνγσέᾳ

241 3012 286 3097 ὥς
301 3013 362 3105 χρὴ
381 3020 539 3103 πολεμεῖν
557 3020 633 3105 λέγῃ
651 3044 716 3098 τις,
738 3016 771 3084 οἱ
787 3018 973 3105 καθήμενοι

239 3115 307 3186 άπὸ
326 3125 386 3186 τοῦ
406 3121 501 3200 δέους
520 3117 633 3207 λέγωά
650 3119 789 3201 ἷιυνικιῦς
807 3118 850 3188 άΐ.

157 3239 210 3307 sie
235 3240 315 3306 haee
342 3240 508 3307 scribenda
534 3251 636 3320 erant,
663 3264 727 3306 non
752 3251 788 3307 ut
809 3241 932 3307 Kiddio
955 3250 1123 3327 praeeunte

104 3340 256 3410 Richterus
279 3343 378 3409 edidit
398 3340 438 3412 ἵν’
459 3342 531 3424 έάν,
560 3343 645 3429 quod
672 3344 815 3410 ultimam
841 3345 998 3431 producit3
1026 3343 1122 3430 vulgo

104 3444 181 3514 abest
198 3442 291 3525 ὅταν,
316 3456 348 3512 et
365 3470 422 3534 pro
440 3449 515 3535 λέγῃ
534 3447 615 3513 Rav.
633 3447 730 3513 habet
747 3449 848 3534 λέγει,
872 3447 914 3514 V.
933 3447 1035 3531 λέγοι,
1059 3468 1122 3531 quo

103 3561 214 3637 recepto
226 3549 388 3637 Bergkius
404 3550 537 3617 coniecit
550 3545 589 3616 ἵν’
605 3544 700 3618 ὁπότ’
714 3548 748 3617 έν
760 3555 800 3639 τῇ
811 3544 960 3636 ’κκλησέᾳ
970 3587 1011 3597 -
1020 3549 1120 3635 λέγοι.

531 3710 582 3767 Vs.
600 3712 678 3767 1135.

348 3814 459 3895 ἐκκέας
475 3820 541 3882 τῶν
560 3816 664 3896 ξύλων
683 3812 753 3884 ἅττ’
769 3811 809 3883 dv
826 3805 846 3905 ᾖ

348 3918 514 3996 δανότατα
530 3925 591 3986 τοῦ
609 3923 732 4009 θέρους

348 4021 604 4110 ἐκπεπρισμένα.

158 4138 279 4208 Horum
301 4164 452 4209 versuum
475 4143 584 4209 tertius
611 4165 676 4210 non
702 4143 873 4230 respondet
898 4144 1123 4233 antistrophico

107 4233 198 4308 έυθέιυ
215 4241 360 4329 κάπέχιυ.
399 4244 609 4312 scribendum
629 4247 741 4333 opinor
759 4243 988 4334 έκπεπρισμέά
1003 4287 1030 4295 -
1048 4279 1068 4298 ν
1086 4285 1121 4329 -,

910 4547 915 4552 ’
974 4573 979 4606 ι
