2859 4909
560 401 658 456 PAX.
1085 393 1131 459 45

89 551 189 605 sunt
205 551 231 606 et
243 541 373 629 genasius
386 542 483 608 verba
497 541 693 629 expulerunt,
713 543 891 630 reposueris
904 542 1027 633 Εἰρήνη
1043 548 1134 634 φίλη.

87 643 161 708 Ita
190 646 286 710 omnia
310 646 363 711 iIIa
388 668 469 731 quae
495 645 569 711 inde
596 669 616 711 a
646 667 741 711 versu
772 645 837 712 525
867 669 968 732 usqne
1000 650 1042 714 ad
1071 651 1136 717 538

87 746 272 833 leguntur,
285 758 320 813 ut
340 772 398 835 par
415 760 477 829 est,
501 749 541 815 ad
559 748 677 815 Pacem
695 749 789 815 deam
806 750 972 817 referenda
990 762 1077 832 sunt,
1096 755 1137 820 de

89 871 174 932 qua
197 860 257 916 tam
282 862 353 938 apte
383 852 544 931 dicuntur,
580 876 677 939 quam
707 854 813 940 inepte
843 855 1064 941 praedicantur
1095 858 1136 924 de

91 952 251 1021 Theoria
295 954 404 1022 Unum
427 966 585 1044 superest,
613 956 653 1022 de
680 978 744 1041 quo
770 958 887 1043 paucis
902 957 1137 1026 admonendum

93 1066 166 1121 est.
207 1058 287 1123 Nam
308 1082 407 1143 quum
427 1059 570 1150 Operam
592 1070 625 1125 et
649 1059 833 1139 Theoriam,
856 1082 935 1145 quas
956 1061 1036 1127 Paci
1057 1064 1135 1129 deae

93 1170 199 1245 poeta
219 1162 347 1228 comites
369 1174 409 1229 et·
422 1164 612 1250 pedisequas
635 1163 791 1242 adiunxit,
818 1164 889 1250 ipsa
910 1164 943 1228 in
966 1187 1061 1231 scena
1086 1189 1137 1232 re-

94 1274 316 1349 praesentatas
342 1265 444 1332 fuisse
471 1278 591 1333 certum
619 1268 673 1346 sit,
700 1267 755 1332 vix
782 1267 859 1332 satis
885 1277 957 1353 apte
984 1292 1032 1335 vs.
1060 1268 1136 1335 530.

96 1366 177 1432 Pax
194 1362 327 1452 ὀπώραν
344 1369 485 1435 redolere
503 1371 625 1449 dicitur,

241 1471 360 1558 ταύτης
379 1469 409 1539 δ’
427 1470 577 1562 ὀπώρας,
597 1469 779 1559 ὑποδοχῆς,
800 1479 992 1541 Διονυσίων.

97 1573 223 1639 Poterit
245 1586 350 1640 autem
376 1575 438 1642 hoc
464 1577 612 1642 facillime
638 1577 683 1641 ita
703 1577 858 1642 removeri
882 1587 917 1642 ut
938 1600 995 1664 pro
1016 1578 1137 1667 ταύτης

102 1673 138 1743 δ’
159 1671 296 1764 ὀπώρας
317 1688 444 1765 poetam
467 1681 631 1767 scripsisse
659 1690 780 1746 statuas
806 1679 928 1767 ταύτης
953 1679 988 1747 δὲ
1012 1682 1135 1769 χώρας,

100 1780 227 1846 ut'Pax
245 1782 305 1846 dea
321 1804 375 1847 rns
394 1783 477 1848 olere
496 1783 626 1849 dicatur.

554 1970 603 2025 Vs.
623 1970 683 2024 630.

317 2072 354 2162 νὴ
374 2070 429 2142 At’
446 2064 473 2140 oi
491 2071 559 2158 μέλ’
576 2073 709 2152 ἐνδίκως
726 2098 763 2160 γε
782 2074 874 2162 δῆτα.

167 2196 261 2261 Haec
278 2196 392 2262 chorus
410 2195 579 2282 respondet
597 2177 747 2283 ‘Trygaeo
765 2196 806 2260 ad
823 2195 921 2261 verba
939 2194 971 2263 ἒν
990 2197 1061 2284 δίκῃ
1079 2199 1140 2280 μὲν

101 2288 173 2380 οόν,
202 2298 288 2364 unde
315 2298 516 2366 scribendum
542 2309 595 2363 ant
622 2299 655 2363 in
678 2298 819 2386 Trygaei
844 2298 983 2364 oratione
1006 2298 1141 2379 ἐνδίκως

99 2403 162 2486 μὲν
189 2394 262 2484 οόν,
292 2416 345 2469 aut
371 2403 404 2467 in
431 2401 518 2467 chori
543 2424 697 2488 responso
726 2399 759 2467 ἐν
782 2401 854 2488 δίκη
876 2425 923 2486 γε.
967 2401 1136 2485 Nunquam

99 2507 194 2574 aliter
207 2506 450 2593 Aristophanes,
470 2505 525 2571 ubi
542 2503 598 2591 per
615 2514 750 2570 metrum
767 2504 891 2582 licebat,
910 2503 1059 2589 loquutus
1078 2517 1137 2573 est.

99 2649 146 2660 -
165 2610 227 2677 Vs.
245 2611 318 2675 660.
346 2609 426 2675 bene
444 2608 603 2675 Velsenus
628 2608 754 2695 scripsit
776 2604 860 2674 οἷδ’·
886 2604 969 2673 ἀλλὰ
991 2606 1077 2695 πρὸς
1100 2610 1137 2675 οὲ

97 2712 221 2803 μικρὸν
236 2712 362 2780 εἴπαντα
377 2712 487 2797 μόνον.
532 2713 574 2779 V.
590 2712 741 2777 Museum
755 2711 858 2777 Rhen.
872 2711 1005 2777 XVIII.
1021 2735 1052 2799 p.
1066 2714 1139 2781 129.

557 2898 607 2954 Vs.
626 2899 685 2953 729.

278 3001 372 3093 ἡμεῖς
390 3005 426 3071 δὲ
443 3008 526 3083 τέως
543 3003 623 3070 τάδε
640 3001 682 3069 τὰ
701 3001 798 3091 σκεύη
816 3004 1023 3090 παραδόντες

208 3121 280 3189 τοῖς
298 3105 498 3186 ἀκολούθοις
517 3107 624 3191 δῶμεν
642 3107 769 3188 σώζειν.

168 3231 235 3296 Pro
253 3230 370 3313 δώμεν,
389 3230 476 3314 quod
493 3238 566 3315 post
583 3227 790 3312 παραδόντες
803 3227 924 3293 illatum
937 3251 1000 3294 non
1014 3238 1142 3294 tuentur

102 3335 278 3402 consimilis
293 3332 503 3399 abundantiae
514 3331 658 3417 exempla
668 3356 686 3396 a
696 3331 862 3397 Lobeckio
872 3332 912 3395 ad
922 3330 1139 3417 Phrynichum

100 3464 135 3527 p.
158 3437 222 3504 754
244 3438 339 3503 allata
370 3436 463 3520 (sunt
481 3436 565 3501 enim
588 3435 713 3522 generis
737 3435 829 3519 plane
853 3433 995 3514 diversi),
1024 3439 1140 3521 φώμεν

103 3541 307 3609 scribendum
338 3539 457 3625 putavi.
510 3538 592 3621 Quis
623 3538 704 3603 ferat
734 3538 908 3603 dicentem:
945 3558 1003 3601 nos
1035 3546 1141 3602 autem

100 3645 251 3711 traditam
273 3644 355 3708 hanc
379 3642 604 3728 supellectilem
627 3641 672 3706 eis
696 3641 883 3707 servandam
904 3639 1074 3706 tradamus.
1097 3678 1141 3688 —

103 3748 164 3814 Vs.
177 3746 249 3812 755.
264 3746 416 3813 librorum
431 3746 617 3832 scripturam
626 3743 750 3831 Κύννης
763 3740 890 3823 ἀκτῖνες
903 3760 1011 3809 contra
1026 3743 1140 3811 Cobeti

104 3849 333 3928 dubitationes,
352 3850 407 3934 qui
424 3848 549 3927 Κύννας
568 3847 663 3914 scribi
680 3848 792 3926 voluit,
812 3849 888 3913 satis
907 3857 1011 3913 tuetur
1028 3848 1144 3914 allatus

8 4009 14 4018 .
105 3979 126 4022 a
143 3954 284 4041 Bergkio
302 3953 414 4018 titulus
432 3952 544 4039 Progr.
563 3952 651 4018 acad.
671 3951 746 4017 Hal.
767 3951 860 4017 1861.
904 3949 1029 4016 Eodem
1048 3974 1143 4018 versu

105 4057 273 4146 genetivus
297 4045 335 4123 οὗ
359 4055 400 4121 ab
427 4050 616 4143 ὀφθαλμῶν
638 4053 769 4141 pendet,
796 4064 831 4119 ut
852 4053 930 4119 nihil
951 4076 1032 4140 opus
1057 4044 1142 4140 sitrgi

104 4183 258 4247 reponere
272 4183 344 4226 cum
359 4158 498 4225 Kiehlio.
517 4197 561 4207 -
578 4156 637 4224 Vs.
654 4158 726 4224 758.
745 4158 923 4224 necessario
943 4155 1143 4223 scribendum

106 4268 233 4346 λομίας
257 4259 374 4348 ὀρχεις.
415 4263 564 4341 Lamiae,
592 4262 705 4328 foedae
728 4272 758 4328 et
784 4270 983 4349 portentosae
1010 4260 1145 4338 mulieri,
