2859 4909
308 391 370 458 188
637 401 1011 459 ECCLESIAZUSAE.

435 645 474 714 τὸ
493 643 697 731 συμμαχικὸν
716 635 758 711 αὔ
776 650 866 712 τοῦθ

434 748 465 816 εἰ
481 747 525 839 μὴ
543 745 675 836 γένοιτ’,
696 744 835 816 ἀπολεῖν
853 745 998 836 ὔφαοκον
1014 745 1073 835 τὴν
1091 747 1204 815 πόλιν.

369 871 486 938 Νεεοὶο
517 894 558 937 an
588 869 703 935 iniuria
733 868 813 936 liaeo
844 869 958 935 vitiosa
988 891 1059 935 esse
1092 867 1336 934 existimaverint

303 973 419 1054 eritiei,
451 995 585 1060 quornm
611 971 816 1060 Hirsehigins
841 994 899 1058 pro
926 967 1064 1039 ἀπολεῖν
1092 970 1218 1037 restitui
1245 969 1336 1035 voluit

306 1072 457 1166 ἀπερεῖν,
479 1076 640 1164 Bergkius
658 1086 764 1141 autem
782 1069 973 1145 ἀπολεῖοιῦ.
1019 1074 1119 1159 Quod
1136 1073 1209 1139 libri
1227 1071 1335 1137 habent

306 1179 501 1246 tantumdem
524 1190 573 1245 est
595 1201 632 1244 ae
655 1179 683 1244 si
705 1178 837 1244 dixisset
859 1188 952 1264 poeta
973 1175 1011 1245 τὸ
1033 1176 1079 1266 μὴ
1103 1180 1264 1264 γενέσθαι
1283 1170 1335 1259 τὴν

304 1287 492 1367 συμμαχίαν
510 1278 647 1349 ἀπολεῖν
664 1278 722 1366 τήν
740 1280 849 1348 πόλιν.

762 1451 811 1506 Vs.
830 1451 889 1504 202.

437 1562 585 1645 σωτηρία
602 1560 807 1645 παρέκυψεν,
828 1551 896 1621 ἀλλ’
914 1551 1056 1641 ὁρίζεται

438 1659 668 1747 Θρασύβουλος
685 1654 784 1737 αὐτὸς
803 1654 873 1740 οὐχὶ
892 1657 1197 1746 παρακαλούμενος.

373 1776 561 1845 Cimmerias
580 1779 726 1845 tenebras
745 1778 925 1845 Brunelrins
948 1778 1022 1844 huie
1040 1778 1115 1845 loeo
1135 1778 1255 1845 offusas
1272 1796 1335 1841 esse

305 1882 460 1967 queritur,
480 1904 583 1966 neque
600 1881 724 1947 iniuria.
768 1882 807 1947 In
824 1882 912 1947 libris
930 1881 1009 1946 nihil
1026 1882 1193 1966 praesidii,
1212 1900 1336 1965 quorum

308 1985 418 2072 optimi
434 1984 554 2052 habent
571 1981 743 2072 ὁρελζεται,
762 1985 939 2071 interpolati
954 1980 991 2052 οὔ
1006 1984 1151 2073 χρῄζετε.
1187 1983 1335 2048 Herman-

308 2112 369 2155 nus
389 2084 552 2178 ὀργίζεται
570 2088 725 2167 tentabat,
748 2087 934 2154 Dindorfius
953 2088 1089 2174 denique
1107 2095 1183 2175 post
1201 2081 1334 2174 ὁρίζεται

307 2192 401 2278 plene
422 2192 616 2279 interpunxit
638 2202 763 2279 etpost
784 2192 857 2257 203.
881 2192 974 2258 unius
997 2214 1109 2264 versus
1134 2190 1277 2256 lacunam
1293 2186 1334 2250 in·

307 2296 435 2362 dicavit.
472 2295 577 2362 Credo
591 2294 738 2379 equidem
752 2317 803 2360 me
816 2294 921 2360 locum
934 2295 1111 2361 restituisse
1125 2289 1334 2359 emendatione

308 2398 459 2464 saoillima
477 2394 545 2464 ἀλλ’
566 2394 741 2487 ὡρᾴζεται,
767 2399 891 2463 delicias
901 2399 994 2485 feeit.
1037 2397 1140 2463 Reate
1160 2394 1331 2463 scholiasta:

307 2497 500 2590 ὑπερόπτης
536 2496 581 2568 ιῦν
616 2506 675 2570 τοῦ
707 2500 811 2588 δήμου
843 2496 1001 2587 ἠβούλετο
1033 2499 1145 2567 πάντα
1177 2493 1217 2565 δι’
1242 2491 1332 2561 αὑτοῦ

308 2604 531 2693 πράττεσθαι.

721 2756 770 2811 Vs,
789 2756 849 2810 227.
867 2755 927 2810 231.

309 2901 312 2906 »
406 2905 409 2908 -
431 2857 489 2927 τὸν
508 2856 594 2927 ολνον
614 2856 755 2949 εὔζωρον
773 2856 902 2949 φιλοῠά
924 2855 1038 2948 ὥσπερ
1057 2858 1123 2948 πρὸ
1143 2865 1212 2927 τοῦ.

310 3003 315 3013 ’
372 2979 464 3046 Haeo
490 2967 600 3048 ritiata
627 3004 698 3048 esse
725 2981 862 3048 ostendit
887 2980 1022 3047 formula
1045 2974 1161 3070 ὥσπερ
1183 2975 1249 3066 πρὸ
1270 2978 1329 3048 τοῦ,

308 3084 398 3150 ouius
416 3077 486 3150 loco
505 3079 618 3173 ὥσπερ
636 3087 692 3151 καὶ
709 3082 777 3171 πρὸ
796 3089 854 3150 τοῦ
867 3084 1044 3168 requiritur,
1064 3107 1127 3169 qua
1141 3084 1239 3151 octies
1252 3077 1331 3144 dein-

307 3203 383 3273 oeps
401 3186 434 3251 in
452 3187 563 3253 eadem
581 3189 720 3254 oratione
731 3187 921 3274 'Praxagora
939 3188 1050 3265 utitur,
1073 3198 1104 3253 et
1124 3187 1178 3253 hie
1200 3185 1289 3251 etiam
1305 3176 1330 3241 ei

308 3289 459 3355 utendum
486 3301 563 3356 erat.
587 3291 715 3376 ‘Atque
743 3290 861 3358 habent
883 3290 944 3355 hoe
965 3290 1070 3376 ipsum
1094 3290 1176 3358 Rav.
1201 3300 1231 3354 et
1252 3284 1328 3351 Flor.

306 3394 363 3477 qui
382 3402 545 3481 praeterea
563 3393 716 3482 φιλοῦσιν
733 3394 851 3460 habent
868 3415 924 3480 pro
943 3389 1086 3481 φιλοῦο’.
1125 3392 1226 3459 Vides
1243 3387 1328 3475 igitur

308 3497 456 3562 mendam
477 3497 539 3563 looi
561 3497 595 3561 in
617 3497 720 3582 prima
740 3520 857 3565 versus,
873 3506 961 3584 parte
985 3497 1077 3562 sitam
1105 3519 1191 3575 esse,
1216 3495 1249 3559 in
1273 3508 1329 3573 qua

307 3596 365 3666 τὸν
383 3595 471 3667 οἶνον
485 3621 525 3682 ex
539 3599 921 3686 manifestagrammatiei
939 3600 1178 3686 interpolatione
1195 3589 1327 3663 aooessit.

308 3702 349 3767 ld
369 3703 425 3789 qui
445 3702 600 3788 intellexit
619 3701 761 3769 Cobetus
784 3703 916 3768 tentavit
937 3714 1027 3769 πιεῖν
1049 3697 1179 3790 φιλοῦά
1200 3694 1327 3781 εὔζωρον

307 3799 425 3892 ὥσπερ
451 3808 507 3872 καὶ
528 3803 596 3894 πρὸ
617 3793 705 3872 τοῦ.Ι
728 3806 836 3871 Aliam
858 3806 1012 3871 rationem
1033 3805 1201 3872 Hanovius
1222 3801 1326 3867 Exere.

308 3908 377 3974 erit.
395 3931 426 3993 p.
447 3909 518 3976 137.
538 3909 640 3987 inivit,
664 3901 720 3993 qui
738 3904 824 3975 οἶνον
842 3904 973 3997 φιλοῦά
994 3903 1134 3996 εὔζιορον
1154 3903 1262 3990 ὥσπερ
1279 3898 1326 3965 καὶ

306 4007 375 4098 πρὸ
394 4015 452 4075 τοῦ
470 4013 614 4076 correxit.
658 4011 819 4106 Equidem
836 4034 900 4078 non
918 4002 1060 4078 dubitavi
1078 4010 1183 4078 edere:

460 4124 599 4217 εὔζωρον
618 4129 812 4214 ἐμπίνουοιν
830 4127 944 4222 ιῦοπερ
961 4134 1017 4199 καὶ
1035 4129 1102 4220 πρὸ
1120 4137 1189 4199 τοῦ.

304 4253 361 4319 Ex
385 4251 446 4318 hae
473 4251 627 4337 scriptura
648 4252 807 4337 quomodo
830 4254 960 4340 vulgata
981 4253 1070 4319 nasei
1091 4252 1224 4339 potuerit
1243 4240 1326 4312 facile
