2859 4909
546 409 669 465 Avrs.
1085 398 1130 465 99

90 549 199 634 Neque
213 549 317 636 magis
332 572 417 616 nunc
430 549 530 637 probo
544 550 630 634 quod
642 550 711 636 ipsc
726 551 811 616 edidi
825 547 918 638 ὖγίεί
935 541 976 618 αὖ
989 552 1125 640 μεγάλη.

90 653 203 718 Maiori
221 653 365 719 veritatis
384 654 489 741 specie
508 653 623 740 corrigi
640 655 759 740 possit:

154 751 195 842 ἢν
212 746 249 822 εὖ
267 751 449 842 ττράττισά,
470 751 528 839 οὐχ
545 752 670 843 ὑγιείας
687 757 831 845 μεγάλης
847 752 934 825 τοῦτ’
951 756 1039 840 iore,-

91 858 264 943 Sequentia
281 864 379 926 verba
397 855 476 948 σάφ’
492 859 571 927 ἰ’σθι
589 859 671 926 male
688 860 888 928 Pisthetaero
905 861 1018 947 reliqui
1023 890 1033 943 3
1052 871 1126 927 sunt

89 962 171 1027 haud
191 963 288 1029 dubie
305 963 483 1050 Euelpidae
500 963 598 1030 verba
621 987 747 1052 semper
768 964 888 1050 aliquid
910 965 1009 1052 inepti
1030 966 1127 1033 inter-

90 1066 258 1151 loquentis.
304 1065 395 1132 Vidit
412 1068 473 1133 hoe
490 1067 671 1134 Dobraeus.

544 1254 594 1309 Vs.
613 1254 673 1309 610.

110 1358 219 1444 αἰβοῖ,
243 1355 291 1438 ὥς
307 1360 423 1448 πολλῷ
440 1365 607 1448 κρείττους
626 1349 721 1427 οὗτοι
737 1364 796 1425 τοῦ
814 1356 895 1438 Διὸς
912 1354 990 1446 ἡμῖν
1007 1365 1106 1444 βασι-

378 1539 381 1545 ,
692 1462 808 1530 λεόειν.

149 1583 297 1650 Possunt
319 1606 396 1649 sane
417 1583 497 1649 haec
519 1584 564 1649 ita
585 1584 619 1648 in
640 1583 783 1649 ordinem
805 1583 922 1671 redigi,
946 1595 982 1649 ut
1004 1593 1058 1650 aut
1081 1579 1127 1661 ὠς

91 1686 246 1765 deleatur,
270 1697 306 1752 ut
328 1687 428 1752 voluit
445 1688 665 1767 Hermannus‚
690 1696 746 1752 aut
766 1690 872 1771 βαβαί
894 1687 1048 1754 scribatur
1069 1710 1127 1773 pro

93 1789 198 1874 αἰβοῖ,
224 1799 260 1855 ut
276 1789 353 1856 fecit
370 1790 568 1869 Brunekius;
592 1789 787 1877 probabilius
806 1800 912 1856 tamen
928 1791 1007 1856 mihi
1024 1791 1129 1858 visum

92 1904 137 1959 est
155 1891 196 1980 δη
216 1902 290 1979 post
309 1889 355 1972 ὠς
371 1894 520 1973 inserere,
539 1902 576 1959 ut
593 1891 687 1978 αίβοῖ
703 1903 793 1959 extra
812 1917 938 1960 versum
955 1905 1102 1982 ponatur.

549 2080 600 2137 Vs.
617 2081 678 2136 631.

211 2184 267 2253 ἐὰν
286 2181 326 2251 σὺ
346 2181 425 2272 παρ’
442 2183 499 2270 ἐμὲ
516 2191 658 2271 θέμενος
675 2181 867 2275 ὁμόφρονας
884 2184 1011 2271 λόγους.

153 2306 274 2373 Nescio
292 2330 333 2371 an
349 2306 466 2372 rectius
485 2306 640 2373 scribatur
662 2303 749 2393 πρὸς
767 2303 839 2390 ἐμέ,
862 2305 1130 2392 quemadmodum

96 2412 223 2497 φιλίαν,
252 2407 381 2496 εἰρήνην
404 2419 435 2474 et
462 2410 578 2476 similia
599 2413 732 2476 θέσθαι
758 2409 846 2495 πρός
872 2434 946 2476 τινα
972 2409 1129 2489 ἀλουσίαν,

96 2537 154 2579 non
170 2515 250 2578 item
267 2512 361 2600 παρά
379 2537 462 2579 τινα.
508 2513 766 2597 Insequentibus
781 2513 870 2594 (638)
884 2512 1129 2579 recteKockius

95 2617 253 2683 revocavit
279 2615 432 2681 librorum
460 2611 646 2703 scripturam
675 2614 733 2682 ἐπὶ
755 2618 810 2684 σοὶ
832 2615 912 2683 τάδε
934 2610 1029 2683 στάντ’
1050 2611 1130 2682 άνά-

95 2717 214 2801 κειται,
241 2720 400 2805 adscripto
422 2719 493 2785 loco
511 2718 717 2813 Antiphontis
741 2719 783 2799 V,
803 2720 834 2786 6.
859 2713 991 2786 ἅπαντα
1008 2715 1070 2809 γὰρ
1088 2716 1131 2786 τά

96 2819 258 2910 ἒνάάήλῳ
278 2820 328 2888 ότι
346 2818 425 2889 όντα
444 2820 501 2889 όττὶ
518 2828 558 2910 τῇ
575 2822 655 2910 τάχη
674 2818 854 2890 ἀνάκειται.

547 3010 597 3066 Vs.
617 3011 678 3066 663.

247 3113 420 3200 ἐκβίβασον
439 3109 540 3181 αὐτοῦ
558 3113 644 3204 πρὸς
661 3121 753 3182 θεῶν
772 3111 885 3202 αὐτήν,
906 3113 961 3182 ἵνα

246 3220 301 3283 καὶ
319 3215 365 3284 roi
383 3216 618 3303 θεασώμεσθα
635 3217 693 3306 τὴν
711 3214 848 3306 ἀηδόνα.

158 3337 337 3424 Euelpidae
367 3338 448 3404 haec
477 3338 576 3405 verba
607 3361 678 3404 esse
709 3338 750 3404 ab
776 3337 967 3405 Pisthetaeri
993 3337 1133 3405 oratione

97 3441 273 3529 separanda
298 3442 452 3507 intellexit
477 3440 626 3521 Beerius,
654 3465 750 3527 quem
777 3442 873 3508 miror
898 3463 963 3507 non
991 3440 1133 3507 haesisse

97 3545 128 3609 in
146 3541 250 3612 αὐτοῦ
255 3593 264 3624 ,
284 3544 369 3630 quod
387 3545 442 3629 qui
460 3545 501 3610 ad
517 3544 684 3629 βούνομον
701 3545 811 3611 referri
829 3567 924 3633 posse
942 3543 1133 3625 existimant,

97 3671 226 3733 prorsus
248 3672 268 3713 a
289 3671 365 3714 vero
387 3647 543 3713 aberrant.
590 3646 770 3715 Scholiasta
791 3671 849 3735 per
873 3643 1011 3729 αὐτόθι,
1036 3645 1070 3714 ἐν
1086 3653 1135 3736 τῷ

97 3751 248 3839 θεάτρῳ,
272 3751 506 3838 interpretatur,
530 3752 616 3836 quod
638 3751 748 3817 dubito
771 3775 812 3817 an
835 3761 921 3817 reete
938 3751 1006 3817 fieri
1023 3753 1134 3838 possit.
1230 3796 1231 3799 =

97 3856 167 3920 Iam
190 3865 295 3941 potest
316 3855 445 3940 quidem
466 3854 567 3920 conici
590 3852 704 3934 αὐτοῖς
728 3854 779 3932 vel
804 3854 900 3941 paulo
927 3854 1078 3921 audacius
1108 3845 1136 3921 ιῖ

97 3964 171 4036 τάν,
199 3958 256 4024 sed
281 3980 393 4025 vereor
418 3980 458 4023 ne
483 3957 573 4024 locus
599 3957 807 4046 interpolatus
832 3958 887 4037 sit,
913 3970 1008 4046 poeta
1030 3969 1136 4024 autem

99 4062 273 4147 scripserit:

229 4163 402 4249 ἐκβίβασον
420 4160 519 4252 αὐτὴν
539 4164 621 4250 δῆτα
638 4160 725 4249 πρὸς
742 4169 848 4247 θεῶν,
868 4164 924 4233 ἵνα
941 4204 984 4214 -

99 4269 185 4353 quod
203 4291 300 4333 unum
318 4267 459 4333 omnium
477 4268 678 4354 aptissimum
697 4279 746 4334 est
763 4269 805 4336 ad
823 4269 973 4354 colloquii
989 4291 1138 4356 progres-

365 4391 370 4401 .
877 4371 922 4437 7*
