2859 4909
248 368 312 436 148
506 366 1017 433 THESMOPHORIAZUSAE.

248 523 405 591 Delernnt
432 520 532 587 critici
557 522 639 605 τιμᾷ
664 525 773 602 utpote
800 536 840 579 ex
864 515 944 594 τίμα
971 512 1162 592 corruptum,
1190 498 1288 586 quod

248 629 560 713 interpretamentum
605 643 675 688 esse
719 617 899 684 existimant
935 607 1109 697 imperativi
1146 599 1288 690 ἄγαλλε.

251 731 325 819 Ego
348 718 394 796 ὦν
413 726 509 816 χάριν
530 725 572 792 ad
593 722 835 812 praecedentem
856 739 982 783 versum
998 713 1094 788 traxi,
1115 711 1148 774 in
1165 706 1287 773 ceteris

250 833 315 900 leni
336 831 504 899 verborum
526 827 771 914 transpositione
793 845 870 890 usus
891 824 1010 904 Φοῖβον
1034 809 1139 882 ἄνακτ’
1160 806 1289 897 ἄγαλλε

251 942 344 1025 τιμᾷ.

669 1083 719 1138 Vs.
739 1081 789 1136 146
807 1096 867 1151 sqq.

340 1184 368 1260 ὦ
386 1197 512 1283 πρέσβυ
531 1196 674 1281 πρέσβυ,
696 1194 755 1255 τοῦ
775 1185 906 1275 φθόνου
924 1180 982 1265 μὲν
999 1175 1056 1246 τὸν
1073 1174 1179 1262 ψόγον

339 1292 479 1385 ἥκουσα,
497 1291 555 1382 τὴν
574 1290 605 1361 d’
621 1288 757 1380 ἄλγησιν
776 1286 813 1356 οό
836 1283 1057 1376 παρεσχόμην.

321 1417 474 1506 Speciose
500 1416 652 1482 Reiskius
678 1418 738 1480 τοῦ
766 1408 898 1500 φθόνου
924 1405 983 1491 μὲν
1008 1399 1065 1470 τὸν
1091 1398 1206 1487 ψόφον
1233 1396 1291 1462 vel

253 1520 311 1590 τὸν
328 1520 436 1608 ψόγον
453 1520 513 1604 μὲν
530 1525 589 1585 τοῦ
608 1516 742 1607 φθόνου
761 1512 904 1581 coniecit.
947 1508 1015 1574 Nec
1031 1505 1113 1571 mule
1129 1501 1293 1589 legeretur

254 1630 315 1693 τοῦ
337 1624 448 1711 ψόγου
470 1623 530 1707 μὲν
552 1619 610 1690 τὸν
628 1620 769 1710 φθόνον.
813 1616 878 1682 Pro
896 1609 1106 1698 παρεσχόμην
1123 1604 1291 1692 ingeniose

254 1727 415 1816 Bergkius
439 1724 674 1814 παρησθόμην.
718 1723 867 1789 Fortasse
888 1727 987 1794 recte3
1015 1723 1098 1780 certe
1124 1705 1293 1792 παρεσχό-

254 1855 317 1916 μην
340 1851 403 1895 non
425 1828 518 1895 video
539 1851 603 1914 quo
624 1839 718 1915 pacto
745 1821 940 1917 interpretari
965 1820 1067 1885 liceat.
1111 1812 1158 1879 At
1183 1810 1292 1898 possis

255 1934 351 2000 etiam
372 1936 555 2017 παρέσχετο
579 1931 736 2011 conicere,
760 1930 892 1994 dolorem
914 1935 1028 1999 autem,
1051 1940 1138 2007 ηαουι
1160 1929 1193 1981 tu
1213 1914 1296 1978 mihi

256 2039 365 2125 afferre
385 2037 521 2111 voluisti,
544 2035 726 2121 vituperium
750 2044 835 2097 tuum
857 2052 919 2094 oon
941 2028 1044 2113 effecit.
1088 2016 1295 2104 insequenti

257 2162 353 2207 versu
431 2221 494 2312 ἐγὼ
514 2223 550 2290 δὲ
566 2220 625 2311 την
644 2216 771 2308 ἐσθῆθ’
789 2214 859 2303 ἄμα
876 2214 987 2303 γνώμη
1007 2216 1108 2302 φέρω,

258 2330 367 2395 nescio
388 2351 430 2394 an
452 2322 523 2411 ἄμα
544 2332 584 2415 τῇ
606 2325 718 2413 γνώμη
741 2321 941 2390 scribendum
964 2318 1019 2394 sit,
1042 2333 1235 2401 quamquam
1252 2332 1298 2374 ne

259 2432 322 2498 hoc
344 2431 473 2517 quidem
496 2430 626 2496 sufficit.
671 2426 804 2507 Melius,
833 2436 869 2489 ut
892 2422 1038 2507 equidem
1061 2417 1184 2503 opinor,
1214 2408 1299 2495 ὁμό-

259 2558 388 2621 γνωμον
405 2532 573 2620 legeretur.

711 2681 762 2737 Vs.
781 2680 840 2734 149.

357 2785 418 2877 χρὴ
436 2783 498 2875 γὰρ
516 2783 656 2873 ποιητὴν
674 2781 779 2875 ἄνδρα
796 2781 882 2873 πρὸς
898 2779 941 2848 τὰ
960 2779 1113 2865 δράματα

360 2889 382 2956 ἄ
401 2890 453 2956 δεῖ
469 2901 593 2969 ποιεῖν,
613 2886 698 2976 πρὸς
715 2893 821 2954 ταῦτα
838 2883 916 2963 τοὺς
932 2884 1080 2973 τρόπους
1098 2878 1191 2963 ἔχειν.

324 3010 376 3075 Ita
407 3009 531 3075 codices
565 3031 661 3075 sensu
692 3008 790 3098 nullo.
834 3004 994 3092 Bergkius
1031 3000 1053 3067 ἄ
1082 2997 1143 3086 χρὴ
1176 3009 1300 3066 ποιεῖν.

260 3111 420 3197 Equidem
438 3112 492 3177 vix
510 3111 620 3177 dubito
639 3112 715 3195 quin
733 3108 755 3175 ἄ
774 3109 826 3176 dri
842 3132 882 3173 ex
901 3106 922 3173 ἄ
941 3101 995 3172 oiri
1011 3114 1122 3170 natum
1141 3103 1192 3169 sit.
1234 3103 1304 3167 Ita·
1420 3191 1421 3194 Ἴ

261 3237 324 3300 que
342 3211 404 3282 dei
422 3225 535 3282 ποιεῖ
551 3213 645 3293 edidi,
663 3223 739 3278 noto
757 3235 818 3278 usu
836 3210 967 3276 voculae
986 3204 1048 3274 ἄελ

712 3381 762 3437 Vs.
783 3381 843 3436 158.

411 3487 466 3554 ἵνα
484 3493 641 3570 συμποιῶ
660 3482 848 3553 σοᾶπισθσν
867 3478 1038 3569 ἑστηκὼς
1057 3478 1131 3567 ἐγώ.

327 3605 424 3688 Quod
462 3607 587 3672 codices
627 3605 745 3671 habent
784 3600 953 3680 ἐστυκὼς
987 3601 1141 3687 prurienti
1177 3600 1306 3666 scribae
1420 3643 1421 3646 κ

263 3705 408 3787 debetur,
437 3730 496 3772 nec
521 3708 596 3773 ferri
622 3708 654 3775 h.
677 3709 698 3773 l.
721 3716 841 3793 potest,
869 3707 936 3771 sive
964 3699 1155 3771 σοᾶπισθεν
1182 3725 1224 3767 ex
1248 3726 1306 3770 σοι

264 3801 410 3872 ἄπισθεν
433 3810 500 3873 sive
522 3832 562 3874 ex
585 3833 645 3877 σου
670 3806 816 3876 ἄπισθεν
834 3809 1044 3894 compositum
1064 3829 1136 3872 esse
1154 3816 1305 3891 ponatur.

265 3903 387 3989 Scripsi
409 3908 506 3990 igitur
528 3933 591 3992 quo
615 3935 672 3977 sua
690 3911 824 3977 orationi
842 3910 1028 3997 simplicitas
1046 3909 1189 3975 redditur
1208 3906 1309 3996 ἔστη·

262 4004 338 4081 κιός.
385 4003 507 4071 Sensus
529 4011 627 4093 igitur
648 4012 702 4078 ἵνα
725 4018 882 4097 συμποιῶ
906 4036 961 4079 σοι
980 4008 1125 4100 ἑστηκὼς
1144 4008 1307 4078 ὄπισθεν.
1420 4047 1421 4072 1

262 4105 367 4170 Video
385 4126 469 4169 nunc
487 4104 630 4194 ἑστηκώς
648 4113 711 4176 iam
730 4136 748 4179 e
765 4116 879 4200 priscis
897 4114 1090 4200 quibusdam
1109 4114 1310 4181 editionibus
1420 4119 1421 4180 ζ

261 4216 422 4270 enotatum
440 4226 521 4281 esse.
