2859 4909
4 2492 6 2601 t

30 3121 36 3134 ,

366 380 886 442 THESMOPHORIAZUSAE.
1083 373 1149 440 157

564 520 615 576 Vs.
634 522 694 576 795.

161 621 214 692 κάν
230 625 496 713 καταδάρθωμεν
515 624 548 693 ἓν
566 623 749 714 ἀλλοτρίων
770 628 953 710 παίζουσαι
973 631 1028 697 καί
1046 655 1105 698 κο·

715 736 846 799 πιοῦσαι

160 839 223 911 πᾶς
238 858 289 912 τις
306 829 345 899 τὸ
364 829 462 900 κακὸν
479 838 579 901 τοῦτο
598 834 688 921 ζητεῖ
703 835 783 923 περὶ
803 831 864 914 τὰς
880 836 991 916 κλίνας
1007 862 1104 926 περι-

713 960 849 1004 νοοτων.

177 1057 316 1145 Egregie
335 1058 374 1122 de
392 1057 442 1122 his
461 1057 636 1144 disputavit
653 1058 873 1137 Hamakerus,
892 1060 947 1144 qui
964 1059 1043 1125 illud
1060 1061 1147 1127 haud

117 1160 208 1226 dubie
233 1161 399 1227 verissime
425 1161 580 1227 intellexit
606 1184 672 1227 non
697 1162 809 1241 κλίνας
835 1162 1001 1248 scripsisse
1023 1162 1151 1231 Aristo·

115 1264 262 1350 phancm,
299 1266 357 1330 sed
394 1263 523 1351 σκηνάς.
567 1263 624 1330 Ad
660 1265 747 1349 quod
781 1264 866 1331 idem
903 1262 936 1331 ἐν
968 1261 1152 1353 ἀλλοτρίων

117 1368 307 1454 suspectavit
333 1390 454 1455 proque
480 1390 519 1433 eo
537 1363 728 1457 Ἇγροτέρας
749 1368 967 1454 reponendum
985 1392 1056 1436 esse
1075 1392 1152 1436 con·

114 1472 199 1551 iecit,
232 1472 267 1536 id
301 1492 510 1555 quamquam,
547 1471 576 1537 si
610 1470 682 1537 libri
714 1471 877 1549 offerrent,
908 1471 1054 1538 lubenter
1082 1497 1151 1539 am-

113 1575 273 1662 plecterer,
292 1597 357 1639 non
374 1575 477 1639 ausim
496 1583 636 1640 tamena
654 1573 799 1641 codicum
818 1575 974 1662 scriptura
991 1576 1150 1654 recedere,

115 1701 194 1763 quae
219 1680 264 1744 ita
290 1677 441 1764 explicari
462 1700 559 1763 posse
581 1676 720 1757 videtur,
748 1687 783 1743 ut
805 1674 838 1744 ίν
861 1673 1042 1768 ἀλλοτρίων
1064 1680 1150 1746 idem

115 1805 184 1850 esse
210 1782 369 1859 dicamus,
397 1780 484 1865 quod
507 1780 723 1847 Callimachus
750 1780 782 1846 h.
810 1781 843 1845 in
868 1780 965 1848 Dian.
989 1783 1042 1850 85.
1070 1784 1152 1850 dixit

114 1887 161 1952 sni
178 1884 329 1971 temporis
348 1884 609 1949 consuetudinem
628 1894 781 1968 sequutus
801 1880 834 1950 ἐν
852 1880 1048 1973 ἀλλοτρίοις.

564 2053 615 2109 Vs.
633 2054 693 2109 805.

135 2163 192 2228 καὶ
209 2161 268 2244 μὲν
286 2157 399 2248 δήκαὶ
417 2161 578 2248 Κλεοφῶν
599 2165 718 2247 χείρων
735 2159 870 2237 πάντως
888 2159 996 2245 δήπου
1014 2164 1126 2228 Σαλα-

714 2267 867 2346 βακχοῦς.

175 2383 410 2450 Particularum
432 2385 489 2449 καὶ
505 2383 565 2467 μὲν
582 2382 762 2448 coniunctio
780 2382 878 2469 epicis
895 2382 1068 2449 admodum
1085 2387 1154 2452 usi-

112 2499 178 2554 tata
200 2487 408 2553 offensionem
430 2485 527 2552 habet
548 2487 580 2551 in
606 2507 751 2551 sermone
773 2486 882 2564 attico;
904 2507 963 2551 nec
986 2486 1105 2554 sufficit
1123 2491 1150 2555 si

112 2592 183 2677 quis
210 2613 335 2656 mecum
361 2590 417 2654 καὶ
441 2586 506 2677 μήν
534 2588 670 2656 scribere
696 2588 787 2667 velit,
814 2588 901 2673 quod
927 2612 1027 2675 aeque
1052 2591 1154 2658 inusi-

111 2704 213 2761 tatum
236 2703 284 2760 est
308 2703 459 2778 sequente
481 2693 636 2778 particula
659 2691 709 2779 δή.
755 2692 907 2758 usitatum
933 2702 982 2758 est
1007 2695 1063 2760 καὶ
1088 2693 1152 2781 μήν

111 2797 237 2887 δήπου,
264 2796 351 2881 quod
378 2796 406 2861 si
432 2795 465 2860 h.
487 2796 509 2862 l.
537 2795 767 2862 restituendum
794 2805 855 2874 est,
882 2795 1015 2862 alterum
1042 2796 1152 2886 δήπου

109 2903 144 2967 in
170 2900 211 2987 δή
236 2896 322 2966 ’στίν
352 2898 540 2964 mutandum
571 2899 640 2964 erit.
683 2898 833 2965 Fortasse
863 2908 970 2965 tamen
1000 2900 1152 2968 librorum

110 3005 268 3091 scriptura
285 3024 326 3067 ex
344 3002 434 3088 epica
452 3013 694 3087 anapaestorum
712 3001 839 3066 licentia
856 3002 985 3068 defendi
1001 3015 1115 3090 potest.

565 3186 616 3243 Vs.
635 3188 695 3242 844.

187 3290 256 3361 ἀλλ’
272 3290 501 3383 ἀφαιρεῖσθαι
517 3297 577 3381 βίᾳ
593 3290 636 3359 τὰ
651 3287 789 3382 χρήματ’
810 3291 966 3373 εἰπόντας
982 3294 1077 3360 ταδί·

187 3392 265 3479 ἀξία
282 3402 361 3485 γοῦν
381 3392 413 3463 ελ
428 3396 527 3463 τόκου
545 3402 685 3464 τεκοῦσα
702 3402 853 3464 τοιοῦτον
870 3395 976 3463 τόκον.

175 3517 264 3585 Nihil
287 3517 363 3583 salis
386 3518 419 3582 in
441 3516 491 3582 his
514 3516 620 3582 verbis
637 3518 734 3596 inest,
758 3518 785 3582 si
802 3517 847 3582 ita
862 3516 1093 3605 intelliguntur,
1116 3532 1156 3585 ut.

109 3623 212 3711 digna
228 3622 295 3687 filio
312 3621 438 3686 dicatur
451 3619 641 3707 Hyperboli‚
661 3643 743 3705 quae
762 3619 857 3685 talem
870 3620 970 3686 filium
983 3624 1152 3708 pepererit.

107 3726 185 3792 Non
203 3724 306 3812 magis
325 3746 435 3790 eorum
452 3724 529 3789 ferri
545 3734 650 3810 potest
666 3724 897 3810 interpretatio,
921 3724 976 3808 qui
997 3723 1096 3792 τόκου
1118 3727 1151 3792 in

107 3829 219 3896 verbis
252 3824 332 3908 ἀξία
362 3822 394 3892 ελ
417 3825 516 3893 τόκου
544 3827 584 3892 de
611 3826 740 3892 foenore
767 3826 946 3912 intelligunt
972 3838 1004 3893 et
1033 3823 1153 3896 ironice

106 3934 192 3999 haec
214 3931 299 4002 dicta
320 3952 392 3997 esse
416 3939 557 3995 statuunt
579 3932 690 3995 κολίίαοί
709 3942 742 3995 tu
759 3933 855 4016 dipsa
872 3953 902 3995 es
917 3931 1059 4017 foenore,
1083 3934 1105 3999 i.·
1123 3957 1153 4000 e.

106 4037 181 4101 iure
204 4032 380 4118 meritoque
402 4055 496 4098 nemo
518 4055 631 4098 usuras
654 4032 710 4099 tibi
733 4042 881 4117 acceptae
903 4057 923 4098 a
945 4045 976 4099 te
999 4038 1155 4121 pecuniae

108 4138 219 4206 solvit.
272 4136 398 4203 Usuras
430 4136 556 4202 mulieri
581 4158 645 4200 non
674 4136 842 4202 solvendas
869 4159 941 4202 esse
967 4137 1030 4202 iam
1058 4161 1155 4225 supra

105 4252 209 4330 poeta
230 4239 324 4319 dixit3
347 4239 400 4305 hic
420 4250 527 4305 autem
551 4240 591 4304 de
613 4238 675 4305 alia
697 4262 731 4305 re
750 4261 850 4324 eaque
867 4240 1019 4306 atrociore
1038 4242 1155 4328 agitur.
