2859 4909
596 362 722 421 Avus.
1136 350 1179 418 93

13 512 14 607 ζ
142 505 331 593 Comparari
351 513 466 570 tamen-
480 517 615 592 possunt
635 527 718 589 quae
735 504 885 593 leguntur
900 505 934 571 in
952 504 1078 573 oraculo
1095 527 1183 573 eom·

142 609 286 676 mentitio
302 609 388 693 Equ.
405 608 499 675 1092.
519 603 587 673 ἀλλ’
605 605 668 694 ἐγὼ
687 603 815 675 εἶδον”
794 633 934 695 οναρ-
892 610 1008 675 -καὶ
1024 604 1182 693 μούδόκει

13 701 19 828 i
143 687 265 801 diets
284 707 364 799 αὕτη
350 708 557 797 (Minerva)
575 709 609 777 ἐκ
625 711 758 792 πολεως
775 710 887 780 ἐλθεῖν
903 714 960 780 καὶ
976 708 1138 798 γλαὺξ
1098 717 1181 803 mli

142 809 391 901 ’πικαθῆσθαι,
417 814 505 901 quod
525 837 590 881 non
611 814 772 881 diversum
794 815 835 883 ab
858 813 917 884 lat
941 821 1001 905 τῆς
1025 818 1182 905 κεφαλῆς

147 919 350 1004 Quamquam
371 918 449 1005 quid
470 917 550 984 hneo
572 917 720 985 differant
742 918 783 985 ab
805 920 927 986 Avium
951 921 1023 989 looo
1044 944 1109 989 non
1131 942 1183 988 me

146 1023 239 1110 fugit
283 1022 392 1089 Tertio
414 1044 509 1088 versu
532 1021 591 1088 etsi
614 1021 680 1087 seio
697 1021 883 1109 Apollinem
903 1035 988 1092 reete
1009 1024 1073 1092 diei
1093 1025 1182 1093 Iovis

149 1125 358 1212 θεράποντα,
379 1134 487 1191 tamen
509 1146 573 1210 quo
591 1124 723 1192 oonsilio
740 1125 773 1190 id
790 1125 852 1192 hoo
868 1127 940 1195 loeo
956 1149 1184 1196 commemorn-

148 1241 216 1294 tum
238 1230 365 1296 sitnon
385 1228 542 1316 intellig03
569 1250 671 1313 neque
697 1227 740 1294 sd
763 1230 1004 1317 grammaticam
1029 1232 1184 1298 rationem

148 1342 234 1399 reete
252 1333 372 1398 dietum
390 1343 439 1398 est
462 1326 576 1420 ὥσπερ
599 1330 777 1416 θεράπων,
799 1355 858 1419 pro
879 1354 956 1419 quo,
985 1334 1014 1402 si
1034 1334 1113 1402 haee
1135 1344 1184 1401 est

147 1437 306 1503 sententis
332 1459 429 1521 quam
455 1434 625 1502 scholiasta
649 1435 783 1513 indicat,
811 1433 886 1502 luel
909 1435 1103 1527 μικρότερος
1124 1442 1184 1503 τοῦ

15 1615 19 1628 Ι
147 1537 249 1607 άετοῦ
277 1535 294 1606 ὁ
323 1539 428 1625 ἱέραξ,
455 1538 561 1625 potius
587 1560 650 1627 ego
676 1533 736 1605 άτε
756 1538 918 1624 θεράπων
941 1535 987 1607 ὢν
1008 1540 1060 1606 vel
1083 1540 1185 1607 simile

12 1705 19 1726 ,
147 1644 227 1729 quid
254 1642 475 1732 expectabam
511 1651 543 1708 nt
574 1635 689 1730 ὥσπερ
721 1641 884 1727 θεράπων
908 1644 955 1709 ita
980 1643 1099 1710 dietum
1126 1653 1185 1723 est,

148 1747 244 1833 quasi
267 1746 414 1814 omnibus
437 1745 565 1812 omnino
586 1744 714 1812 famulis
737 1745 886 1832 accipiter
911 1769 968 1834 pro
995 1747 1109 1814 comite
1130 1746 1188 1813 ed·

148 1852 235 1916 ditus
254 1851 303 1916 sit.
348 1849 445 1916 Adde
468 1849 554 1935 quod
575 1858 675 1914 totum
698 1847 760 1916 hoo
777 1848 817 1914 de
835 1848 994 1936 Apollinis
1013 1851 1188 1919 ministerio

148 1954 278 2041 longius
295 1978 315 2019 a
333 1952 548 2041 superioribus
565 1961 722 2018 remotum
740 1962 802 2032 est,
825 1974 921 2038 quom
944 1964 980 2020 ut
1001 1955 1079 2021 satis
1101 1976 1188 2021 oom-

148 2058 245 2124 mode
267 2058 308 2123 nd
326 2057 438 2124 Iovem
459 2055 569 2122 releni
590 2055 701 2142 possit.
747 2054 854 2122 Credo
870 2055 967 2143 igitur
983 2056 1103 2142 aliquid
1119 2057 1188 2123 vitii

148 2163 282 2228 haerere
303 2161 338 2225 in
359 2158 466 2225 verbis
488 2158 550 2225 illis
573 2157 838 2244 seribendumque
855 2173 933 2246 puto
951 2154 1065 2249 ὥσπερ
1083 2159 1189 2246 θερά·

17 2297 21 2320 ι
150 2261 254 2332 πονθ
276 2263 404 2352 ἱέρακα,
431 2273 467 2327 ut
488 2262 638 2348 aecipiter
659 2261 819 2349 Apollinis
841 2263 933 2348 quasi
954 2262 1094 2330 famulus
1117 2286 1189 2331 esse

17 2391 19 2400 ·
151 2370 286 2434 dioaurr.

604 2483 655 2541 Vs.
672 2483 734 2539 524.

370 2567 485 2660 ὥσπερ
504 2568 535 2639 δ’
550 2567 612 2659 ἤδη
631 2568 709 2650 τοὺς
725 2577 943 2656 μαινομένους

370 2670 524 2761 βάλλουά
540 2672 640 2763 ἡμᾶς,
658 2670 719 2741 κάν
737 2686 808 2754 τοῖς
827 2670 936 2763 ἱεροῖς

242 2821 247 2827 ·
374 2785 443 2859 πάς
459 2804 511 2858 τις
530 2774 580 2867 ἐφ’
596 2773 674 2866 ἡμῖν
692 2775 887 2867 ὀρνιθευτὴς

372 2882 485 2969 ἱοτηοι
501 2881 643 2970 βρόχους
659 2881 806 2969 παγίδας
824 2879 968 2969 ῥάβδους

373 2985 447 3074 ἕρκη
467 2988 606 3072 νεφέλας
625 2984 739 3051 δίκτυα
756 2984 894 3071 πηκτάς.

225 3090 253 3155 Ε
273 3089 396 3177 templis
414 3111 506 3168 aves,
530 3089 557 3156 si
574 3110 656 3174 quae
673 3089 756 3154 forte
773 3086 818 3153 ibi
835 3087 1045 3168 nidificarent,
1063 3114 1084 3156 a
1101 3092 1194 3157 mini-

156 3193 235 3260 stris
253 3216 413 3260 sacrorum
431 3192 560 3259 abactas
583 3214 669 3271 esse,
692 3189 961 3276 quemadmodum
978 3192 1011 3257 in
1027 3193 1193 3281 Euripidis

152 3298 241 3363 Ione
256 3296 375 3361 laetum
396 3296 558 3375 videmus,
580 3295 626 3361 rei
648 3303 895 3360 consentaneum
917 3305 981 3373 est,
1003 3306 1036 3360 nt
1053 3318 1192 3385 aucupes

151 3400 236 3466 istie
250 3399 401 3485 quidquid
423 3421 558 3485 usquam
580 3398 694 3464 retium
716 3405 801 3463 esset
822 3396 1008 3476 tetendisse,
1030 3400 1194 3487 perinepta

150 3512 212 3570 est
230 3502 274 3567 rei
294 3503 508 3591 exaggeratio.
552 3501 635 3567 Eam
657 3499 699 3567 ob
716 3522 847 3566 eausam
864 3508 1035 3587 praeeunte
1052 3501 1196 3590 Bergkio

149 3603 261 3672 verba
275 3603 333 3671 κᾶν
354 3617 427 3685 τοῖς
445 3604 547 3694 ἱεροῖς
563 3602 824 3692 praecedentibus
842 3601 945 3684 iunxi,
970 3614 1002 3669 et
1023 3616 1096 3692 post
1117 3602 1197 3695 ἡμῖν

149 3708 266 3775 adieci
287 3709 330 3777 δέ.
374 3709 448 3775 Non
469 3708 564 3774 eredo
590 3717 697 3774 tumen
724 3707 769 3773 its
794 3729 863 3772 rem
888 3706 1088 3795 profligatam
1114 3733 1196 3792 esse,

148 3833 225 3878 nee
250 3810 352 3880 dubito
374 3812 452 3896 quin
474 3822 548 3898 post
568 3822 640 3890 τοῖς
667 3810 769 3899 ἱεροῖς
794 3820 923 3897 propter
949 3806 1198 3896 ὁμοιοτδλευτυν

148 3934 280 3981 versus
297 3915 456 3981 exciderit:

335 4012 490 4103 βάλλουά
505 4013 592 4104 ἡμᾶς
608 4012 668 4085 κάν
685 4028 757 4097 τοῖς
776 4015 886 4106 ἱεροῖς,

336 4118 378 4202 [ἐν
395 4132 486 4188 τοῖσι
504 4116 535 4188 δ’
552 4116 667 4215 ἀγροῖς
682 4122 739 4187 καὶ
756 4131 827 4201 τοῖς
846 4120 993 4210 δρυμοῖς]

336 4230 403 4305 πᾶς
419 4249 471 4304 τις
489 4220 540 4314 ἐφ’
555 4221 633 4312 ἡμῖν
650 4263 693 4273 -
