2859 4909
244 410 307 475 198
575 418 949 476 ECCIAESIAZUSAE.

243 563 299 630 ubi
316 582 401 627 nunc
419 583 437 627 e
453 559 590 627 Porsoni
608 559 786 626 coniectura
809 559 911 625 editur
933 555 1000 625 ἀλλ’
1022 557 1078 627 ἐὰν
1100 561 1158 644 μὲν
1181 561 1293 627 τόνδε

243 671 333 754 νικᾷς
351 686 408 751 pro
424 668 483 747 μέν
500 670 554 729 τοί
571 686 608 750 γε
625 667 731 751 νικᾷς,
755 662 890 729 fortasse
914 663 1009 729 etiam
1025 662 1110 730 Nub.
1130 664 1203 729 876.
1222 669 1294 731 καί

244 775 298 835 rot
314 791 351 855 γε
364 765 524 834 ταλάντου
539 760 625 832 τοῦτ’
643 764 769 849 ἔμαθεν
779 760 982 850 Ὑπέρβολος.
1020 764 1076 832 Sic
1094 767 1176 832 enim
1194 767 1287 835 Rav.

244 871 316 939 Non
338 881 443 937 tamen
465 869 591 935 nescius
615 893 685 935 sum
709 892 817 935 eorum
835 891 916 954 quae
933 869 1014 935 dixit
1031 870 1073 935 L.
1091 870 1291 938 Dindorfius

248 974 288 1040 ad
306 973 458 1059 Xenoph.
477 972 575 1037 Mem.
594 995 624 1058 p.
646 975 696 1039 11.

698 1140 747 1195 Vs.
766 1141 826 1195 597.

486 1252 583 1313 τοῦτο
600 1245 662 1333 γὰρ
681 1242 820 1333 ἤμελλον
838 1242 900 1330 tyb
920 1246 1032 1326 λέξειν.

311 1368 495 1456 Hirschigio
514 1367 711 1433 numerosius
732 1377 879 1432 sonatura
896 1365 975 1431 haec
989 1366 1143 1445 videntur,
1162 1368 1190 1432 si
1204 1370 1293 1433 scri-

247 1472 341 1539 batur
370 1467 456 1538 τοῦτ’
480 1467 618 1558 ἤμελλον
647 1466 709 1556 γὰρ
742 1466 804 1555 ἐγὼ
837 1469 949 1549 λέξειν.
1002 1469 1132 1535 Poterat
1155 1470 1292 1539 facilius

247 1577 339 1642 τουτὶ
357 1571 418 1662 γὰρ
438 1572 580 1657 ἔμελλον.
627 1571 693 1639 Sed
710 1571 789 1636 nihil
806 1573 987 1637 novandum
1003 1572 1037 1637 in
1059 1595 1166 1652 versu,
1189 1575 1289 1641 cuius

249 1679 281 1743 iu
313 1677 451 1743 numeris
482 1677 559 1741 nihil
589 1674 882 1761 reprehendendum
914 1687 971 1741 est.
1025 1673 1141 1742 Obiter
1166 1701 1292 1745 moneo

248 1776 386 1867 ἤμελλον
409 1780 657 1867 Aristophanem
680 1779 799 1843 dixisse
825 1778 951 1843 nonnisi
977 1778 1009 1842 iu
1036 1778 1180 1846 versibus
1203 1804 1288 1846 ana-

248 1882 406 1970 paesticis,
424 1884 457 1947 in
471 1882 618 1948 trimetris
634 1891 814 1948 constanter
823 1879 965 1964 ἔμελλον,
984 1881 1035 1947 cui
1047 1880 1112 1968 legi
1125 1883 1179 1967 qui
1193 1884 1289 1950 solus

248 1995 404 2074 repugnat
430 1986 519 2052 locus
545 1984 628 2050 Rau.
656 1985 730 2051 518.
759 1979 866 2072 ἤμελλ’
896 1981 1051 2072 ἀφαιρεῖν
1075 1980 1115 2072 χῆ
1142 1985 1289 2074 τράπεζ’

250 2089 407 2179 εἰσῄρετο,
427 2089 459 2154 in
478 2112 515 2155 eo
534 2112 573 2154 ex
590 2088 671 2154 Rav.
692 2084 795 2171 ἔμελλ’
815 2099 898 2153 recte
915 2089 1022 2173 posuit
1040 2087 1237 2154 Dindorfius.

702 2257 753 2312 Vs.
771 2256 831 2312 598.

594 2361 651 2451 τὴν
668 2369 726 2449 γῆν
744 2360 918 2450 ιιριότιοτα
935 2362 1066 2448 mortium

308 2465 416 2554 κοινῆν
434 2466 567 2533 πάντων
585 2467 640 2532 καὶ
657 2461 830 2553 τάργύριον
847 2466 904 2530 καὶ
921 2460 1009 2556 τᾶλλ’
1026 2460 1123 2532 ὁπότ’
1140 2462 1229 2531 ἔστὶν

854 2564 992 2654 ἑκάστῳ.

317 2690 495 2776 Argentum
522 2690 574 2754 hic
598 2698 800 2776 praepostere
833 2688 1084 2768 commemorari,
1122 2691 1292 2773 sequentia

252 2804 318 2857 tam
345 2791 505 2857 evidenter
531 2791 714 2869 ostendunt,
747 2801 782 2855 ut
812 2785 992 2878 τᾶγροίκιον
1021 2813 1079 2876 pro
1110 2788 1290 2882 τάργύριον

252 2893 423 2961 rescribere
441 2916 504 2958 non
522 2893 700 2960 dubitarim.
744 2893 837 2958 Nunc
854 2893 962 2958 malim
980 2893 1061 2958 fere:

293 3010 400 3101 κοινὴν
418 3013 551 3080 πάντων
568 3020 636 3081 πᾶν
654 3010 680 3080 τ’
698 3013 821 3100 ἔγγειον
840 3014 904 3096 (vel
922 3015 978 3080 καὶ
994 3008 1174 3100 τοέγγειον)
1192 3017 1249 3081 καὶ

660 3112 748 3184 τᾶλλ’
766 3112 862 3184 ὃτιόσ’
879 3114 966 3184 ἐστὶν
985 3114 1122 3204 ἑκάστῳ.

255 3240 341 3325 Quid
354 3240 393 3304 sit
404 3235 442 3305 τὸ
455 3236 577 3324 ἔγγειον
587 3248 711 3303 constat
725 3261 765 3303 ex
773 3238 882 3303 Attico
894 3237 984 3303 titulo
993 3237 1079 3324 apud
1087 3238 1288 3303 Boeckhium

256 3341 294 3409 C.
317 3343 345 3407 1.
368 3342 430 3408 vol.
450 3343 477 3407 1.
501 3365 532 3429 p.
552 3342 630 3419 862,
649 3343 679 3407 9.
702 3340 758 3406 ubi
781 3340 901 3427 ἔγγειοι
923 3338 1087 3428 ἔγκτῆσεις
1108 3343 1163 3406 καὶ
1183 3340 1288 3408 οἰκίαι

255 3456 546 3520 commemorantur,
565 3445 585 3509 i.
606 3466 633 3510 e.
647 3447 854 3530 possessiones
871 3447 1010 3509 rusticae.
1050 3442 1148 3510 Plura
1164 3444 1237 3510 vide
1255 3446 1289 3509 in

257 3547 412 3635 Stephani
437 3547 534 3613 Thes.
566 3547 628 3613 vol.
656 3547 718 3611 ΙΙΙ.
749 3570 781 3633 p.
809 3547 862 3612 23.
914 3546 1009 3611 Adde
1037 3543 1288 3613 Grammaticum

255 3651 395 3717 Bekkeri
421 3651 544 3716 Anecd.
571 3672 603 3737 p.
627 3650 700 3728 251,
726 3651 789 3716 26.Ι
812 3648 926 3736 ἔγγαια
954 3647 1120 3735 χρήματα·
1154 3647 1198 3715 τὰ
1230 3648 1290 3715 ἐπὶ

256 3750 411 3842 ὑποθήκῃ
439 3754 609 3837 διδόμενα,
638 3753 700 3818 nisi
721 3754 755 3817 id
777 3749 913 3839 ἔγγυαῖα
935 3751 1147 3819 scribendum.
1191 3753 1291 3820 Alius

256 3855 298 3921 ib.
322 3879 353 3941 p.
372 3857 446 3935 468,
465 3858 518 3924 23.
542 3852 670 3945 ἆφανῆς
693 3851 791 3922 οὐσία
818 3857 946 3942 λέγεται
967 3851 987 3942 ἡ
1011 3852 1044 3920 ἔν
1064 3854 1210 3941 χρήμασι
1232 3857 1290 3922 καὶ

258 3957 391 4041 σώμασι
409 3961 533 4042 (servis)
551 3962 606 4026 καὶ
626 3959 770 4037 σκεύεσι,
794 3956 921 4047 φανερὰ
944 3958 979 4024 δὲ
1001 3955 1020 4044 ἡ
1045 3956 1177 4044 ἔγγειος.
1221 3958 1293 4024 Νεο

255 4058 359 4131 τᾶλλα
386 4061 460 4126 huic
485 4062 555 4128 loco
582 4074 691 4149 aptum
717 4062 854 4140 videtur,
885 4084 943 4148 pro
975 4083 1038 4145 quo
1068 4061 1143 4127 item
1174 4085 1292 4127 nomen

256 4166 394 4251 requiro,
427 4165 512 4248 quod
543 4165 584 4230 ad
610 4165 679 4252 agri
709 4166 863 4231 culturam
891 4174 1024 4251 spectat,
1057 4164 1144 4230 velut
1173 4160 1291 4252 τᾶργα,

257 4269 343 4353 quod
360 4268 616 4352 frequentissimo
633 4291 695 4332 usu
712 4268 752 4334 de
771 4270 848 4334 satis
867 4269 990 4333 dicitur.
