2859 4909
257 419 322 486 218
684 428 873 488 PLUTUS.

258 573 380 640 ludenti
407 567 445 638 οὗ
474 570 566 659 δῆτα.
594 570 764 659 πληθώρη
791 566 831 638 σὺ
857 568 941 653 μετὰ
966 576 1024 637 τοῦ
1051 569 1232 661 μάρτυρος,
1265 572 1299 636 in
1416 545 1417 598 J

261 698 324 762 quo
345 675 463 762 duplex
484 674 546 741 ioci
567 697 684 761 genus,
712 670 958 763 ἀμφιβολοχίαν
981 674 1020 756 (l)
1042 685 1074 740 et
1098 670 1296 761 ἀντιλογίαν,

262 779 367 845 inesse
384 778 533 844 affirmat.

717 895 767 950 Vs.
785 895 845 950 897.

434 998 510 1069 έπελ
526 999 678 1068 τοιοῦτόν
694 995 723 1088 μ’
739 995 923 1085 ἀμπέχεται
939 1001 1124 1090 τριβώνιον.

329 1121 380 1189 Its
401 1144 441 1188 ex
463 1122 506 1187 A.
530 1133 561 1188 et
583 1121 664 1188 Ruv.
692 1121 811 1187 editum
839 1132 901 1200 est,
929 1123 1024 1188 ceteri
1049 1123 1121 1188 libri
1146 1127 1298 1189 τοιοῦτον

262 1226 284 1291 i.
304 1248 332 1292 e.
350 1225 484 1293 τοιοῦτό
507 1219 547 1311 y'.
592 1223 705 1290 Altera
726 1224 829 1290 forma
845 1230 996 1292 τοιοῦτον
1014 1248 1078 1293 non
1095 1236 1227 1292 utuntur
1244 1248 1299 1290 ve-

263 1341 345 1395 teres
363 1328 477 1415 Attici,
487 1328 550 1394 nisi
571 1328 675 1393 hiatus
699 1326 820 1392 vitandi
842 1350 949 1395 causa.
992 1329 1033 1393 In
1054 1328 1138 1396 Nub.
1159 1329 1232 1396 832.
1257 1325 1296 1396 σὺ
1416 1365 1417 1368 ¹

265 1427 297 1498 δ’
310 1428 344 1511 ές
360 1436 518 1500 τοσοῦτον
531 1435 598 1498 τῶν
610 1435 736 1514 μανιῶν
752 1426 918 1520 ἐλήλυθας
931 1432 1133 1498 scribendum
1146 1437 1295 1500 τοσοῦτο.

265 1533 416 1601 Ceterum
442 1534 505 1601 nisi
531 1533 719 1600 dormitasse
745 1547 873 1619 poetam
900 1534 1061 1614 volumus,
1093 1536 1222 1601 difficile
1249 1546 1297 1601 est

265 1637 478 1704 contradicere
500 1636 652 1724 Adolpho
674 1637 715 1703 de
736 1635 856 1703 Velsen
879 1636 1037 1724 (Symbol.
1056 1637 1173 1706 Philol.
1192 1638 1295 1704 Bonn.
1403 1672 1406 1675 ⁴

266 1740 327 1807 vol.
341 1740 369 1806 Ι.
383 1763 415 1827 p.
427 1740 515 1821 418.)
528 1739 670 1805 futurum
683 1740 854 1825 requirenti
869 1738 944 1808 ἐπεί
955 1765 992 1828 με
1004 1737 1092 1809 τοῦτ’
1103 1737 1295 1831 ἀμφέξεται.

264 1842 431 1909 Praestare
457 1844 568 1930 opinor
595 1841 667 1910 ἐπεὶ
694 1843 828 1910 τοιοῦτό
854 1840 881 1931 y’
907 1840 1029 1932 ἀμφιεῖ
1048 1844 1234 1932 τριβώνιον,
1262 1855 1296 1909 ut

266 1941 450 2031 ἀμπέχεται
466 1968 615 2034 perversa
633 1948 674 2013 sit
691 1946 791 2013 futuri
810 1942 931 2036 ἀμφιεῐ
947 1948 1173 2035 interpretatio.

718 2098 768 2155 vs.
787 2100 847 2154 904.
1062 2176 1064 2182 y

283 2214 368 2274 AIK.
395 2200 463 2273 ἀλλ’
479 2204 641 2292 έμπσροςς
683 2215 722 2272 Σ.
749 2210 818 2285 ναί,
838 2205 1027 2293 σκήπτομαί
1043 2202 1070 2293 y’
1087 2200 1167 2273 ὅταν
1184 2206 1277 2289 τύχω.

330 2324 440 2394 Verba
466 2320 544 2393 ὅταν
570 2325 657 2407 τύχω
684 2326 890 2413 grammatice
915 2326 1048 2414 intelligi
1069 2349 1133 2393 nou
1154 2339 1293 2415 possunt.

266 2428 379 2507 Recte,
411 2428 557 2515 quamvis
583 2427 764 2495 dubitanter
789 2438 821 2494 et
845 2429 932 2495 nullo
957 2429 1111 2496 editorum
1139 2443 1295 2517 sequente,

268 2531 531 2599 Hemsterhusius
549 2531 682 2598 coniecit
700 2525 779 2598 ὅταν
796 2529 891 2619 τύχη,
908 2535 937 2598 α’
952 2555 1000 2598 τοι
1016 2536 1062 2598 ito
1080 2534 1192 2611 tulerit,
1210 2535 1297 2623 legit-

268 2657 330 2720 que
346 2633 408 2701 hoc
424 2635 530 2723 ipsum
548 2634 732 2702 scholiasta:
751 2628 831 2700 ὅταν
848 2639 979 2723 γένηται
996 2633 1110 2724 καιρὸς
1127 2639 1285 2722 πολέμου.
1416 2655 1417 2660 ’

718 2785 769 2842 Vs.
788 2786 848 2841 916.

442 2886 558 2957 οὐκοῦν
578 2889 735 2970 δικαστὰς
753 2888 941 2978 ἐξεπίτηδες
958 2888 976 2957 r‘
996 2891 1096 2972 πόλις
1159 2937 1163 2940 -

442 2989 551 3083 ἀρχειν
569 2999 785 3081 καθέστησινς

333 3112 405 3179 Non
423 3123 473 3181 est
489 3113 569 3180 haec
585 3116 778 3183 constructio
796 3113 913 3182 Atticis
935 3115 1099 3182 familiaris
1117 3122 1301 3206 καθίστημι

270 3213 427 3296 δικαστὰς
445 3213 564 3304 ἀρχειν.
609 3216 821 3285 Scribendum
840 3218 984 3305 suspicor
1001 3214 1113 3304 ἀρχήν,
1132 3229 1169 3285 ut
1185 3220 1301 3308 legisse

269 3320 369 3386 videri
398 3331 503 3408 potest
530 3320 709 3388 scholiasta.
761 3320 830 3388 cfr.
858 3321 1006 3409 Thucyd.
1033 3321 1060 3387 Ι.
1090 3322 1141 3389 96.
1171 3320 1300 3410 ἑλληνο-

269 3427 388 3507 ταμίαι
409 3422 486 3491 τότε
507 3428 641 3513 πρῶτον
658 3428 797 3512 κατέστη
817 3420 912 3511 ἀρχή,
938 3445 1020 3509 quae
1039 3447 1148 3491 vereor
1165 3436 1201 3491 ut
1218 3437 1301 3494 recte
1416 3481 1417 3486 1

271 3526 484 3593 sollicitaverit
502 3526 644 3594 Cobetus
663 3527 704 3593 ad
722 3526 897 3614 Hyperidis
914 3537 992 3593 orat
1010 3527 1175 3594 funebrem
1198 3553 1231 3617 p.
1250 3531 1300 3598 63.

270 3630 325 3714 qui
346 3629 450 3696 deleto
471 3624 553 3719 ἀρχή
577 3653 635 3716 pro
652 3634 792 3717 κατέστη
810 3630 933 3717 reponit
950 3635 1162 3720 κατέστησαν.
1207 3632 1301 3700 Adde

270 3731 518 3819 Xenophontem
544 3734 672 3820 vestig.
699 3734 750 3813 H,
779 3735 809 3800 l.
838 3732 868 3800 sl
892 3734 1177 3823 μετοικοφύλακας
1204 3733 1302 3826 ἀρχὴν

270 3839 501 3920 καθισταίμεν.

725 3953 775 4010 Vs.
794 3954 853 4009 942.

373 4057 551 4125 καὶταῦτα
569 4056 656 4144 πρὸς
672 4055 711 4127 τὸ
728 4063 884 4144 μέτωπον
903 4055 1024 4126 αὐτίκα
1041 4057 1082 4148 δὴ
1099 4061 1200 4145 μάλα.

336 4176 528 4245 Constanter
544 4177 777 4266 Aristophanes
795 4176 913 4248 αὐτίκα
930 4180 1021 4264 μάλα
1038 4181 1202 4268 coniungit
1218 4185 1303 4250 nulls

270 4282 455 4369 interposita
472 4281 635 4366 particula,
680 4282 721 4347 V.
748 4282 810 4367 Eq.
830 4285 903 4350 284.
923 4282 997 4350 475.
1025 4283 1102 4350 Pac.
1121 4285 1194 4352 367.
1221 4287 1302 4373 Lys.
