2859 4909
430 376 808 436 EOOLESIAZUSAE.
1074 366 1136 433 191

125 577 127 582 .
556 515 603 599 aig
620 518 702 604 (iva)
719 513 840 607 μήποτ’
857 517 1028 606 ἐξολίσθῃ.

24 631 25 690 t
170 617 333 708 ὁρμᾶσθ’·
357 617 375 688 ὑ
393 621 541 702 κίνδυνος
557 618 620 710 γὰρ
639 617 713 706 οὐχὶ
729 619 847 710 μικρὸς
863 616 902 711 ἢν
920 617 1060 706 ἁλῶμεν.

107 725 333 795 Huiuscemodi
354 725 433 811 quid
449 725 545 792 etiarn
562 734 691 811 propter
707 724 894 812 particulam
910 722 973 812 γὰρ
991 747 1138 793 necessa·

105 830 180 894 rium
194 840 253 907 est,
272 850 355 913 quae
372 828 415 895 ad
431 828 518 894 illam
535 827 577 894 de
594 828 654 893 vin'
671 827 799 895 nomine
816 828 913 894 etism
929 840 1025 914 atque
1042 829 1137 895 etiam

23 945 24 1012 l
105 931 281 1019 usurpando
302 931 549 998 admonitionem
570 931 681 998 referri
701 952 767 997 non
787 940 907 1018 potest3
933 942 1040 1019 potest
1060 954 1136 999 vero

23 1019 24 1092 l
104 1035 141 1101 ad
158 1030 329 1120 ὁρμᾶσθε,
344 1034 508 1122 seannatc,
527 1056 565 1101 ae
582 1033 844 1122 deprehendamur
860 1046 1042 1105 norbanum
1051 1036 1137 1124 saci-

23 1129 24 1136 '
104 1162 156 1204 aaa
177 1139 403 1205 machinantes.
448 1136 600 1205 Ceterum
622 1148 730 1203 unum
756 1132 911 1221 ὁρμᾶσθε
932 1160 973 1203 an
993 1137 1081 1204 aliud
1102 1139 1136 1204 in

105 1241 232 1308 eandem
260 1241 448 1308 sententiam
475 1239 609 1307 verbum
636 1240 788 1327 scriptum
820 1241 861 1305 sit
886 1263 907 1306 a
931 1250 1039 1327 poeta,
1071 1262 1135 1305 non

104 1345 287 1411 discernam.

551 1513 601 1570 Vs.
620 1514 681 1568 319.

281 1618 339 1684 καὶ
355 1615 416 1697 τὰς
434 1615 557 1705 ἐκείνης
573 1617 736 1706 περσικὰς
754 1614 948 1706 ὑφέλκομαι.

159 1737 307 1805 Verbum
329 1734 517 1826 ὑφέλκομαι
538 1737 621 1804 male
643 1739 683 1805 de
705 1738 874 1804 induendis
897 1737 1012 1805 calceis
1039 1738 1135 1803 inter·

102 1852 273 1928 pretantur,
299 1842 333 1907 in
355 1863 419 1927 quo
437 1865 493 1908 eos
510 1842 665 1908 novitium
682 1841 809 1908 dicendi
826 1864 929 1930 genus
944 1841 980 1907 in
996 1863 1134 1908 errorem

102 1944 236 2024 induxit;
268 1943 303 2009 id
327 1967 405 2010 vero
430 1946 588 2012 constanti
613 1967 676 2012 usu
701 1945 817 2010 dicitur
838 1940 1043 2028 ὑποδοῦμαι,
1070 1967 1135 2011 uon

103 2043 294 2135 ὑφέλκομαι.
338 2047 410 2113 Imo
428 2043 615 2135 ὑφέλκομαι
631 2047 672 2115 de
689 2048 908 2136 protrahendis
931 2070 949 2113 e
971 2046 1057 2126 loco,
1078 2047 1134 2114 ubi

102 2150 285 2218 abscondita
301 2148 456 2227 latebant,
479 2150 701 2219 calceamentis
719 2149 959 2237 intelligendum
975 2159 1034 2216 est.
1080 2149 1133 2216 Cf.

102 2252 195 2341 Vesp.
217 2254 292 2320 187.
315 2247 435 2341 ripaltae
456 2258 585 2322 θᾶττον
603 2250 717 2333 αὑτόν,
741 2276 785 2320 sc.
805 2252 1055 2331 Philocleonem,
1078 2254 1133 2338 qui

103 2357 156 2423 sub
174 2355 273 2423 ariete
291 2355 421 2423 latebat.

550 2526 601 2583 Vs.
619 2525 679 2582 325.

288 2626 325 2697 οὗ
344 2629 407 2719 γάρ
425 2626 509 2698 ποθ’
526 2627 614 2717 ὑγιὲς
632 2627 727 2699 οὐδὲν
745 2628 939 2719 ἐξελήλυθα

288 2733 469 2821 ὑράοουοα.

157 2855 278 2922 Nescio
296 2853 374 2940 quid
391 2858 476 2921 ποτέ
491 2853 553 2921 hoc
570 2854 641 2921 loco
660 2854 832 2943 significem
849 2854 1054 2940 nequeenim
1071 2854 1132 2922 hoc

99 2959 200 3025 dicere
217 2957 321 3023 voluit
337 2981 497 3045 uunquam
513 2979 645 3023 uxorem
664 2981 756 3024 suam
772 2957 875 3024 bonae
892 2957 938 3023 rei
959 2979 1057 3024 causa
1078 2982 1134 3025 ex-

21 3075 22 3164 ή
98 3062 185 3142 iisse,
215 3060 303 3147 quod
325 3062 353 3127 si
375 3061 530 3128 voluisset
550 3057 671 3147 ἐξῆλθε
692 3060 799 3147 potius
821 3082 917 3145 quam
938 3056 1131 3147 ἐξελήλυθεν

21 3235 22 3248 2
99 3166 293 3254 scripsisset3
321 3163 411 3230 vides
438 3163 499 3230 hoc
524 3164 631 3250 potius
657 3163 816 3229 hominem
842 3163 947 3229 dicere
973 3162 1131 3243 debuisse,
1167 3179 1172 3188 ’

21 3305 22 3342 ;
99 3292 293 3356 nequequam
323 3290 394 3333 earn
426 3267 545 3352 aliquid
577 3265 654 3332 boni
685 3277 826 3332 acturam
852 3266 978 3332 exiisse.
1024 3265 1132 3349 Quare

98 3370 298 3438 scribendum
317 3393 389 3436 esse
405 3369 543 3436 videtur:

257 3485 296 3557 οὑ
313 3487 376 3577 γὰρ
395 3486 482 3578 πρὸς
499 3486 588 3576 ὑγιὲς
605 3485 700 3556 οὐδὲν
719 3485 913 3574 ἐξελήλυθα
930 3525 974 3538 -

21 3607 22 3610 '
96 3612 213 3679 Fateor
248 3609 419 3698 ὑράοουσα
450 3609 497 3676 sic
527 3608 724 3675 abundanter
753 3609 896 3674 additum
926 3629 1011 3687 esse,
1047 3610 1133 3695 quod

97 3716 150 3800 qui
167 3712 337 3781 ferendum
359 3734 431 3779 esse
452 3724 571 3800 negant
593 3712 639 3795 (et
661 3711 823 3799 negabunt
845 3734 957 3778 omnes
979 3711 1133 3798 quiquid

96 3840 158 3893 res.
173 3819 246 3904 ipsa
271 3815 411 3904 postulet
440 3815 682 3896 intellexerint),
712 3815 841 3881 videant
862 3838 902 3880 an
924 3836 982 3901 pro
1009 3836 1047 3882 eo
1074 3816 1141 3882 λα’

96 3925 210 3989 θοῦσα
240 3919 443 3986 scribendum
475 3918 526 3985 sit
579 3917 631 3984 Eo
665 3917 750 3984 enim
780 3918 867 4004 ipso,
905 3917 991 4004 quod
1024 3918 1133 3985 furtim

97 4024 228 4091 domum
254 4022 439 4108 reliquerat,
466 4021 675 4108 gravissimae
701 4021 865 4107 depravo
892 4021 1032 4089 mulieris
1059 4045 1152 4090 con--

21 4165 22 4194 ;
97 4127 165 4195 silio
185 4126 383 4214 suspiciones
400 4125 434 4191 in
451 4124 583 4213 Blepyri
600 4125 707 4228 animo
725 4135 902 4193 commotae
919 4137 1018 4193 erant.
1063 4125 1132 4192 Cfr.

96 4254 142 4297 vs.
162 4231 237 4297 337.
256 4251 326 4316 sqq.
