2859 4909
559 382 764 456 neumae,
1140 375 1182 440 69

158 549 207 591 aua
223 534 327 590 eontra
344 534 484 590 mentem
501 534 613 611 poetae
631 525 682 604 ait,
701 535 756 591 ant
770 525 926 592 excidisse
939 525 1059 612 aliquid
1078 528 1182 615 auspi·

158 652 215 706 cor,
231 638 283 693 aut
300 627 501 693 scribendum
520 650 605 694 esse:

275 726 361 797 ὅπου
380 729 423 797 τὰ
440 730 610 821 μειράκια,
630 731 713 817 λέγω
733 726 792 797 τάν
809 737 856 819 τᾷ
872 731 966 820 μόρῳ
985 770 1029 780 -

157 835 300 900 Nimirum
322 828 409 901 ὅπου
437 845 566 921 propter
590 834 808 920 praecedentis
834 858 945 902 verane
972 837 1096 903 initium
1122 861 1179 925 per

154 937 369 1025 negligentiam
387 937 506 1004 librarii
523 937 695 1016 exciderat3
713 946 826 1023 postea
842 938 944 1004 extitit
961 940 1016 1025 qui
1033 964 1179 1008 numero-

153 1065 216 1106 rum
242 1040 468 1127 explendorum
495 1064 592 1107 causa
618 1040 749 1106 adderet
773 1046 878 1107 ταυτί.
923 1041 988 1107 Pro
1015 1040 1123 1123 οὐδεὶς
1145 1043 1178 1110 ἐν

153 1139 263 1232 ἀγορᾷ,
291 1166 373 1228 quae
395 1144 525 1232 vulgata
546 1167 658 1210 versus
682 1144 921 1230 scriptumest,
948 1145 1082 1212 fortasse
1110 1148 1178 1213 aine

151 1248 258 1314 idonea
279 1270 377 1314 causa
399 1246 578 1313 Hermanni
600 1247 778 1313 emendatio
802 1243 923 1313 οὐδ’ἐν
944 1243 1069 1337 τάγορᾷ
1090 1274 1111 1316 a
1127 1273 1179 1316 me

152 1361 270 1436 recepta
292 1361 351 1416 est.
395 1351 478 1417 Rav.
502 1349 535 1417 ἓν
552 1345 579 1416 τ’
596 1345 716 1436 ἀγορᾶι
734 1345 857 1431 οὐδείς,
886 1350 940 1416 alii
957 1351 1048 1417 codd.
1069 1349 1177 1432 οὐδεὶς

153 1450 342 1541 ἔντάγορᾷ..
378 1453 524 1521 Verbum
547 1449 733 1540 ἀγοράζειν,
756 1463 792 1518 ut
810 1454 974 1538 sequentia
996 1455 1175 1536 ostendunt,

154 1557 277 1622 hicnon
293 1558 328 1622 in
344 1556 414 1622 foro
432 1557 588 1635 versandi,
608 1557 666 1623 aed
679 1556 886 1622 concionandi
900 1557 1059 1624 notionem
1072 1559 1178 1637 habet,

153 1661 261 1744 alioqui
290 1658 323 1726 ἐν
350 1654 455 1748 ἀγορᾷ
481 1660 592 1725 inutile
618 1660 867 1725 additamentum
894 1672 992 1739 esset,
1020 1685 1101 1747 quae
1127 1686 1178 1729 res

155 1764 244 1828 movit
261 1763 450 1841 Valsenum,
472 1773 507 1828 ut
526 1759 634 1841 οὐδεὶς
653 1761 685 1831 ἐν
703 1762 804 1829 πόλει
822 1762 1023 1830 scribendum
1040 1776 1175 1853 putaret.

158 1868 193 1933 V.
209 1866 360 1933 Museum
377 1866 482 1932 Rhen.
501 1866 636 1932 XVIII.
654 1890 686 1954 p.
707 1865 780 1932 125.

587 2001 735 2058 Vs.1378.

253 2086 440 2180 συνερτικὸς
456 2089 519 2177 γάρ
538 2087 609 2157 ἐστι
626 2091 682 2157 καὶ
699 2090 897 2179 περαντικός

252 2198 308 2260 καὶ
325 2190 575 2280 γνωμοτυπικὸς
592 2196 649 2259 καὶ
667 2191 777 2282 σαφὴς
794 2196 850 2259 καὶ
868 2193 1068 2282 κρουστικός.

210 2299 262 2364 De
283 2298 430 2363 Phaeaca
448 2295 571 2362 oratore
588 2296 668 2362 haec
689 2298 851 2375 dicuntur,
873 2298 907 2361 in
928 2297 1043 2382 quibus
1067 2296 1178 2387 σαφὴς

155 2403 215 2468 vitii
231 2402 435 2468 manifestum
453 2411 515 2479 eat3
542 2401 667 2484 requiro
690 2400 881 2465 adiectivum
903 2400 1072 2487 ambiguae
1089 2412 1178 2488 pote-

154 2507 244 2585 statis,
262 2529 303 2571 ex
320 2526 384 2588 quo
402 2525 532 2590 genere,
550 2512 675 2590 praeter
690 2502 949 2589 γνιομοτατιικός,
967 2502 1088 2588 reliqua
1106 2516 1180 2571 sunt

155 2610 265 2688 omnia,
293 2630 375 2694 quae
400 2606 451 2671 his
478 2606 603 2672 duobus
630 2606 775 2672 versibus
801 2605 962 2693 leguntur,
995 2607 1112 2695 quippe
1138 2609 1179 2674 ad

153 2713 332 2779 rhetoricam
354 2719 453 2775 artem
475 2733 539 2776 non
560 2710 665 2776 minus
692 2732 789 2794 quam
815 2711 856 2776 ad
882 2732 1049 2776 veneream
1075 2711 1181 2797 palae-

154 2827 247 2883 stram
260 2814 444 2903 spectantia.
489 2813 577 2878 Hinc
595 2810 743 2902 ουναφὴς
761 2837 781 2878 a
797 2822 892 2900 poeta
909 2813 1061 2900 seriptum
1079 2816 1179 2881 fuisse

153 2921 297 3007 auspicor.
342 2918 407 2983 Pro
430 2916 680 3004 γνωμοτυπικός
702 2926 809 2982 autem
830 2917 872 2983 ob
895 2940 966 2983 eam
992 2940 1087 3003 quam
1114 2918 1181 2983 dixi

153 3046 274 3090 caueam
300 3021 409 3087 malim
435 3019 715 3108 γλωττοιυπικός,
744 3020 830 3104 quod
852 3021 969 3107 pariter
991 3021 1031 3086 de
1053 3021 1180 3086 homine

153 3126 298 3214 impudici
315 3126 379 3191 oris
398 3148 436 3190 ac
454 3125 494 3190 de
512 3123 659 3211 argutulo
678 3134 804 3189 oratore
823 3123 886 3189 dici
902 3124 1016 3211 potuit.

587 3258 637 3314 Va.
656 3258 733 3313 1400.

295 3347 434 3434 μεδύιον
451 3335 488 3414 τε
505 3359 580 3427 ταῖς
597 3346 758 3436 πόρναισι
776 3345 1015 3435 λοιδορήσεται.

209 3454 323 3520 Malim
340 3464 415 3530 ταῖς
431 3450 573 3535 πόρναις
591 3450 895 3538 διαλοιδορήσεται,
919 3459 955 3514 ut
973 3458 1082 3514 mutua
1099 3450 1182 3515 inter
1303 3497 1305 3501 ,

149 3556 386 3645 Paphlagonem
405 3565 436 3620 et
454 3565 559 3619 scorta
575 3554 736 3619 altercatio
753 3554 959 3641 intelligatur3
982 3553 1182 3619 commendat

149 3661 207 3727 hoo
233 3686 280 3728 vs.
311 3662 405 3727 1403.
434 3658 595 3745 πόρναισι
622 3657 878 3743 διακεκραγέναι.
923 3655 1035 3741 Neque
1061 3656 1183 3744 integre

150 3766 262 3852 scripta
275 3765 432 3840 videntur,
451 3785 532 3847 quae
546 3763 655 3848 paucis
670 3761 816 3827 versibus
834 3760 1005 3826 interiectis
1022 3760 1181 3848 leguntur,

149 3865 195 3945 εἷς
211 3864 268 3953 τὴν
287 3866 393 3952 ἕδραν,
414 3861 453 3933 l'v'
470 3861 591 3943 ἐκεῖνος
609 3855 647 3951 ἦν
666 3860 684 3930 ὁ
700 3863 885 3952 φαρμακός,
905 3866 939 3929 in
954 3864 1069 3949 quibus
1084 3865 1185 3930 offen-

149 3970 195 4035 dit
210 3970 306 4035 dictio
325 3967 357 4035 ἐν
377 3967 457 4057 ἕδρᾳ
475 3963 569 4049 εἶναι,
588 3992 645 4056 pro
664 3966 697 4034 ἐν
716 3965 796 4056 ἕδρᾳ
814 3957 931 4056 ἧσθαι.
971 3967 1184 4035 Scribendnm

148 4072 271 4137 videtur
296 4068 335 4138 ἵν’
357 4071 478 4152 ἐκεῖνος
500 4060 579 4159 ἧσθ’
600 4068 618 4138 ὁ
642 4069 832 4161 φαρμακός,
865 4081 901 4137 ut
926 4071 1066 4156 loquitur
1089 4081 1185 4159 poeta

145 4174 229 4241 Ran.
249 4177 322 4243 778.
340 4177 473 4263 aliisque
492 4176 579 4242 locis.

559 4309 771 4320 ..—-—.---
