2859 4909
626 380 959 458 tourauausss.

725 520 777 578 Vs.
794 521 855 576 216.

340 628 574 717 σπονδοφόρος
591 616 688 706 οὗτος
703 622 761 693 ὑπ’
782 625 862 710 ἐμοῦ
880 619 956 693 τότέ
976 625 1236 711 διωκόμενος-

337 735 407 799 Aut
428 734 462 797 in
483 733 544 798 hoo
565 754 659 797 versu
682 729 801 815 aliquid
823 740 980 815 superest,
1004 732 1107 795 autin
1125 733 1315 803 antithetico

274 836 393 921 aliquid
410 836 498 901 deest
504 860 513 913 ;
540 834 620 899 illud
636 834 692 918 qui
709 834 818 899 statuit
835 831 1039 920 Hirsohigius
1057 828 1114 900 ὑπ’
1131 832 1212 918 ἐμοῦ
1231 839 1314 907 τότε

274 939 408 1005 delenda
420 948 452 1004 et
467 934 485 1004 ό
499 937 698 1021 διωκόμενος
712 935 913 1002 scribendum
922 936 1090 1015 existimat,
1108 937 1214 1026 inepte
1224 944 1314 1009 enim

274 1043 393 1109 dictum
415 1040 596 1120 οεεετότε,
624 1040 715 1105 ouius
740 1039 811 1105 loco
837 1040 942 1127 potius
968 1045 1025 1106 νῦν
1050 1042 1166 1126 requiri
1190 1047 1313 1113 statuit.

274 1146 348 1213 Hoc
362 1145 490 1230 quidem
501 1142 599 1221 fals03
617 1143 728 1228 quidni
741 1145 825 1209 enim
842 1152 926 1208 recte
944 1142 1075 1222 dicatur,
1094 1144 1127 1209 in
1145 1146 1313 1216 iuventute

275 1272 361 1328 mea,
384 1271 456 1314 cum
479 1270 585 1335 genua
606 1248 757 1325 virerent,
781 1246 867 1312 haud
888 1245 981 1312 facile
1002 1247 1069 1325 ilie,
1094 1249 1121 1314 si
1144 1259 1212 1315 tum
1235 1274 1319 1317 eum

273 1347 483 1440 persequutus
498 1373 612 1428 essem,
630 1350 708 1416 mihi
721 1351 885 1416 evasisset.
917 1349 1028 1434 Neque
1040 1349 1119 1415 iliud
1132 1365 1215 1419 recte
1228 1354 1314 1421 dixit

274 1455 493 1542 Hirschigius,
516 1451 574 1521 τὸν
593 1452 826 1540 σπονδοφόρον
844 1475 914 1519 esse
932 1451 1152 1539 Dicaeopolin.
1194 1455 1315 1542 Itaque
1408 1485 1409 1490 ¹

274 1561 307 1624 in
321 1559 375 1624 iilo
388 1581 483 1623 versu
495 1557 573 1622 nihil
587 1567 635 1623 est
648 1556 734 1641 quod
744 1580 807 1621 non
817 1566 901 1622 recte
911 1556 1029 1621 dictum
1040 1556 1089 1634 sit,
1108 1580 1167 1623 neo
1175 1550 1314 1626 dubium

276 1671 325 1727 est
342 1662 420 1745 quin
437 1659 549 1725 vitium
566 1660 599 1724 in
617 1659 798 1725 antithetioo
815 1681 912 1726 versu
928 1660 1142 1745 quaerendum
1161 1663 1209 1727 sit.

726 1827 777 1885 Vs.
795 1829 856 1883 292.

319 1931 392 2002 ἀντὶ
411 1930 442 2000 δ’
459 1924 503 2001 ῶν
522 1931 727 2021 ἐσπεισάμην
745 1930 804 2000 οὐκ
821 1934 893 2001 ἰ’στε
910 1930 950 2021 γ’.
988 1929 1056 2000 ἀλλ’
1073 1931 1247 2005 ἀκούσατε.

341 2038 486 2104 Pessime
508 2037 595 2103 illata
617 2049 665 2103 est
686 2048 760 2123 post
782 2038 854 2105 ἰ’στε
871 2037 1025 2123 particula
1040 2042 1090 2124 γέ,
1115 2061 1178 2124 qua
1195 2042 1313 2109 merito

275 2141 390 2208 offensi
406 2140 576 2206 Dobraeus
598 2139 670 2206 ἴστε
692 2136 737 2224 μ’,
760 2139 947 2206 Dindorfius
970 2152 1092 2221 autem,
1115 2145 1201 2228 quod
1223 2169 1313 2212 nunc

275 2246 344 2332 ipse
359 2245 531 2310 certissime
545 2243 746 2330 improbabit,
765 2239 868 2309 δίδοτ’
881 2245 1082 2331 scripserunt.
1118 2246 1199 2313 Rav.
1209 2246 1312 2330 ἰ’σατ’,

275 2362 312 2416 Γ.
329 2348 401 2416 ἴστε
414 2343 453 2414 τ’.
489 2348 576 2414 Hinc
593 2347 686 2433 posui
704 2347 836 2412 minima
848 2349 1021 2413 mutatione
1035 2345 1094 2415 οὐκ
1107 2348 1193 2416 ἰὀτε·
1210 2347 1311 2434 port

277 2448 449 2518 ἀκούσατε.
492 2451 585 2517 Nunc
604 2461 708 2516 tamen
731 2450 972 2537 praeferendum
988 2462 1066 2537 puto
1084 2475 1157 2518 oum
1174 2453 1314 2522 Alberto

275 2554 414 2620 Miillero
440 2554 527 2637 quod
552 2554 756 2619 Hamakerus
788 2565 821 2619 et
850 2564 922 2619 unte
948 2554 1033 2620 hunc
1059 2556 1123 2621 iam
1148 2557 1312 2645 Bergkius

275 2656 439 2746 proposuit
454 2653 526 2724 άντὶ
540 2652 571 2722 δ’
584 2646 629 2721 ῶν
644 2655 849 2743 ἐσπεισάμην
864 2652 1030 2739 ἀκούσατ’,
1050 2654 1119 2725 ἀλλ’
1136 2656 1312 2730 άκοόοατε.

727 2823 779 2881 Vs.
796 2826 857 2880 300.

399 2926 445 3007 ῶς
461 2928 626 3016 μεμίσηκά
645 2953 683 2996 σε
699 2932 850 3010 Κλέωνος
868 2930 917 2999 ἔτι
934 2933 1068 3017 μᾶλλον,
1089 2932 1125 3001 ὃν
1143 2932 1176 3001 i-

397 3030 444 3121 γῶ
462 3038 552 3117 τεμῶ
568 3036 675 3099 τοῖσιν
695 3032 835 3101 ἱππεῦσι
852 3035 1052 3119 καττύματα.

340 3136 391 3203 Ita
412 3136 491 3202 haec
515 3137 613 3215 edidi,
637 3159 710 3201 cum
731 3138 828 3225 vulgo
850 3139 974 3226 legatur
996 3138 1033 3207 όν
1056 3138 1119 3226 ἒγῶ
1137 3150 1313 3227 κατατεμῶ

275 3250 375 3306 metro
398 3240 506 3305 invito.
550 3239 819 3323 Frequentissime
838 3242 1062 3329 Aristophanis
1080 3245 1205 3310 codices
1225 3269 1313 3312 com-

273 3343 380 3432 posita
396 3342 514 3409 habent
531 3367 589 3431 pro
608 3343 813 3429 simplicibus.
858 3347 922 3411 Hic
941 3346 1068 3430 quidem
1082 3355 1255 3432 κατατεμῶ
1269 3350 1311 3416 ab

274 3448 314 3513 iis
346 3448 468 3513 illatum
500 3455 567 3514 erat
597 3445 713 3531 quibus
745 3448 879 3533 simplex
905 3472 969 3514 nou
994 3464 1116 3516 rectum
1142 3452 1301 3517 videretur

273 3552 322 3616 At
342 3552 388 3616 ita
410 3550 566 3637 Euphron
588 3551 620 3614 in
642 3549 772 3637 Fragm.
797 3549 889 3616 Com.
908 3552 968 3619 IV.
986 3575 1018 3639 p.
1036 3554 1111 3619 494.
1133 3554 1312 3640 γογγυλίδα

275 3654 397 3740 ταύτην
423 3652 516 3736 ἔτεμε
543 3650 618 3719 λιτά
644 3655 699 3718 καὶ
724 3653 834 3742 μακρά
861 3665 892 3719 et
921 3652 1057 3722 Sotades
1083 3657 1146 3722 III.
1174 3680 1206 3744 p.
1234 3657 1310 3725 586.

276 3753 383 3839 τεμῶν
401 3754 437 3821 δὲ
456 3752 578 3843 λεπτὴν
594 3761 652 3843 τῆς
668 3755 778 3841 χλόης.

729 3925 779 3982 Vs.
798 3926 858 3981 307.

276 4035 352 4109 πῶς
370 4025 401 4095 δ’
418 4024 461 4096 ’ἐτ’
480 4024 520 4095 dv
537 4030 644 4109 καλῶς
661 4032 770 4116 λέγοις
784 4026 835 4111 dv,
853 4030 947 4119 εἴπερ
962 4030 1108 4099 ἐσπείσω
1121 4030 1150 4123 γ’
1161 4029 1257 4117 άπαξ
1268 4075 1312 4085 -

283 4197 285 4203 ,
343 4130 429 4199 Satis
456 4132 568 4198 audaci
594 4135 773 4201 coniectura
795 4135 998 4202 Hamakerus
1027 4137 1158 4224 δοκοίης
1185 4140 1314 4227 scripsit

276 4259 334 4325 pro
356 4238 464 4323 λέγοις
486 4230 535 4302 άν.
579 4236 647 4304 Nec
669 4238 769 4303 multo
790 4237 893 4304 lenius
911 4240 1071 4327 Bergkius
1088 4241 1246 4310 Λάκωσιν
1262 4266 1315 4310 re-
