2859 4909
518 381 700 441 vesone.
1085 368 1131 436 29

548 520 598 579 Vs.
616 520 677 577 572.

1 678 2 687 ι
130 629 165 698 εί
183 628 244 713 μὲν
259 633 385 714 χαίρεις
402 623 502 717 ὐριὸς
518 632 623 716 φωνῇ,
642 623 768 705 παιδὸς
785 622 897 715 φωνήν
916 624 1081 716 ἐλεήσαις,

1 746 2 817 l
130 732 165 800 εἰ
187 728 218 799 δ’
235 721 277 799 αὖ
295 743 366 810 τοῖς
381 730 560 820 χοιριδίοις
574 734 696 820 χαίρω,
720 727 890 820 θυγατρὸς
907 737 1002 820 φωνή
1018 756 1061 816 με

1 834 2 875 ³
696 837 883 901 πιθέσθαι

1 1022 2 1053 η
153 957 253 1023 Haec
275 965 420 1042 corrupte
442 975 513 1021 esse
534 962 659 1042 praeter
676 954 919 1021 constructionis
937 955 1132 1023 inconcinni·

1 1058 2 1133 l
85 1072 191 1130 tatem
213 1059 364 1126 inusitata
384 1057 545 1125 veteribus
552 1056 682 1124 Atticis
705 1057 837 1144 optativi
860 1056 962 1124 forma
980 1056 1131 1147 ἐλεήσαις

1 1146 2 1185 l
86 1165 202 1243 ‹locet3
237 1162 332 1229 credo
362 1183 448 1228 nunc
477 1184 589 1228 verum
620 1160 740 1227 vidisse
770 1159 990 1249 Hirschigium
1024 1168 1130 1251 χαίρω

1 1324 2 1331 ,
85 1263 213 1355 τύρνὸς
235 1265 300 1348 (vel
318 1269 425 1353 χαίρω
447 1260 475 1352 y’
491 1259 603 1355 ὐριιὸς)
625 1264 833 1352 corrigentem
857 1274 889 1330 et
905 1287 963 1351 pro
982 1262 1132 1354 ἐλεήσαις

1 1390 2 1447 t
85 1379 301 1459 reponentem
322 1364 355 1453 μ’
372 1365 514 1455 ἐλεῆσαι.
558 1367 624 1435 Pro
643 1367 822 1455 χοιριδίοις
843 1367 924 1433 Rev.
943 1367 1039 1436 babet
1059 1394 1133 1452 χοι·

1 1456 2 1499 t
86 1479 195 1562 ρίοις,
225 1473 248 1538 ἱ.
274 1494 302 1539 e.
329 1483 365 1536 ut
390 1472 503 1558 opinor
525 1475 697 1561 χοιρείοις,
732 1472 874 1536 cornibus
900 1473 1014 1549 ιιιὶίίω,
1046 1473 1132 1558 quod

1 1598 2 1659 t
85 1577 247 1664 ambiguo
274 1597 370 1641 sensu
396 1575 515 1640 dictum
542 1586 604 1655 est,
633 1574 809 1659 meliusque
834 1575 1005 1662 respondet
1026 1577 1132 1642 versui

1 1664 2 1683 l
85 1683 212 1768 primo,
239 1680 273 1745 in
291 1701 354 1765 quo
372 1679 460 1766 κωλῇ
477 1701 535 1764 pro
553 1683 647 1767 φωνῇ
667 1676 868 1743 scribendum
886 1700 957 1745 esse
978 1678 1134 1745 intellexit

1 1784 2 1825 ³
86 1784 277 1850 Richterus.

540 1940 602 2007 x'Vn
619 1950 680 2005 599.

155 2053 248 2125 ἀλλὰ
275 2061 415 2145 θέωρος,
444 2057 633 2124 καίσοοστὶν
660 2050 741 2224 ἀνήρ
767 2051 945 2144 Εὐφημίου
973 2052 1069 2125 οὐδὲν

718 2157 856 2227 λάττωιι.

153 2276 338 2370 Εὐφήμιος
359 2279 562 2347 vehementer
587 2278 697 2345 dubito
723 2303 799 2345 num
827 2282 956 2366 antiqua
982 2293 1013 2347 et
1040 2284 1136 2349 attica

1 2386 2 2469 ξ
87 2387 191 2453 huius
228 2384 364 2450 nominis
396 2384 499 2450 forma
531 2383 585 2462 sit,
622 2383 677 2468 qui
707 2377 871 2471 Εὔφημος
900 2384 1060 2465 dicebant,
1101 2397 1136 2451 ut

1 2496 2 2579 j
88 2486 265 2576 Εὔδημος,
284 2482 445 2575 Εὔαγρος,
464 2481 633 2567 Εὔαθλος,
652 2481 835 2575 Εὔαιφνος,
852 2482 1012 2570 Εὔαλκος,
1029 2485 1138 2556 Εὔαν·

1 2664 2 2671 ,
89 2594 176 2680 δρος
199 2601 262 2657 etc.
306 2589 554 2678 Quadrisyllsba
575 2590 689 2656 horum
710 2591 875 2656 nominum
892 2590 995 2657 forms
1012 2593 1138 2659 seriori·

89 2698 166 2775 bns,
187 2695 376 2782 Byzantinis
390 2694 537 2772 maxime,
555 2694 672 2759 usitata
685 2706 744 2771 est,
763 2716 803 2759 ex
820 2716 883 2779 quo
900 2717 1016 2783 genere
1036 2696 1137 2764 habes

1 2820 3 2886 j
89 2797 276 2888 Εὐάχριος,
293 2792 488 2885 Εὐάνδριος,
504 2792 690 2883 Ἑπιγόνιος
704 2795 907 2877 (Ammianus
921 2798 1023 2866 Marc.
1037 2800 1138 2880 XIV,

91 2906 152 2987 7.),
184 2897 380 2989 Εὐπράξιος
406 2899 465 2982 (ib.
491 2899 668 2980 XXVIII,
693 2901 749 2981 1.),
781 2896 940 2982 Εὐόδιος,
968 2899 1136 2990 Εὐχίοιος,

91 3003 288 3094 Εὐθήριος,
319 3000 499 3084 Εὐδόξιος,
526 2999 713 3083 Εὐθάλιος,
742 2998 932 3089 Εὐθύμιος,
960 3002 1136 3092 Εὐνόμιος,

2 3135 4 3140 ’
93 3106 304 3188 Εὐπείθιος,
336 3103 514 3193 Εὐσέβιος,
542 3102 753 3186 Εὐστάθιος,
781 3102 982 3192 Εὐτόλμιος,
1009 3106 1140 3199 Εὐορό-

94 3238 180 3292 αιος
197 3221 275 3291 etc,
297 3232 379 3296 quae
402 3210 509 3277 omnis
529 3231 627 3294 quum
650 3209 691 3276 ab
710 3209 839 3294 antiquo
856 3233 917 3276 usu
933 3235 1064 3300 prorsus
1082 3213 1140 3279 ab·

94 3316 258 3394 horreant,
276 3338 341 3381 non
360 3312 504 3380 dubitavi
521 3313 692 3380 rescribere
710 3307 921 3400 Εὐφημίδου.

558 3499 607 3556 Vs.
625 3500 685 3556 671.

120 3607 248 3676 δώσετε
270 3602 328 3673 τὸν
351 3605 470 3695 φόροι,
494 3602 516 3695 ἢ
533 3604 718 3694 βροντήσας
735 3602 793 3693 τήν
809 3604 910 3673 πόλιν
927 3599 1020 3688 ὑμῶν
1038 3601 1118 3673 civa-

703 3713 831 3797 τρέψω.

166 3831 359 3898 Inusitatum
386 3829 512 3895 dicendi
537 3852 639 3917 genus
666 3839 716 3895 est
742 3830 858 3896 δοῦναι
883 3826 941 3896 τὸν
967 3830 1074 3920 φόρον
1100 3834 1142 3900 de

101 3935 220 4001 tributo
250 3932 503 3999 Atheniensibus
538 3933 723 4021 pendendo,
758 3932 864 4018 itaque
899 3956 963 3999 non
998 3935 1143 4003 dubitavi

103 4036 275 4104 rescribere
312 4036 421 4104 οἴσετε
455 4032 514 4103 τὸν
548 4036 665 4125 φόροι.
709 4034 778 4101 Nec
808 4037 920 4125 negari
947 4048 1053 4124 potest
1082 4041 1144 4105 im-

104 4141 280 4226 perativum
303 4139 344 4206 ad
368 4140 554 4206 sententiam
576 4140 638 4207 loci
660 4139 760 4205 multo
782 4140 935 4227 aptiorem
958 4163 1144 4230 essequam

108 4242 257 4310 futurum.
