2859 4909
524 459 528 474 .
542 378 666 436 AVES.
1061 367 1124 434 105

95 543 135 587 7ῐο
167 570 175 592 ι
206 566 217 592 a
255 586 259 591 .
368 570 375 591 ι
481 570 489 591 ι
520 566 531 594 a
698 571 706 588 ο
974 571 982 591 ι
1054 572 1061 593 ι
1098 569 1108 594 a

94 597 175 661 πυρα
189 598 209 637 τ
233 584 270 648 Ι,
290 572 523 657 πολοσπορατ
547 572 587 638 R.
625 570 832 638 Conreoeram
848 574 1063 662 πολυπυρετα
1081 599 1121 651 τ,

94 677 142 745 sed
163 675 281 741 suffieit
299 698 316 741 e
335 675 498 741 codicibus
520 674 700 764 πολύπορά
722 671 750 742 τ’
771 677 941 763 corrigere;
969 682 1036 765 πῦρ
1062 698 1121 763 pro

93 777 227 867 πυρετὸς
249 779 400 863 frequens
423 787 473 844 est
495 782 579 865 apud
600 779 845 865 Hippocratem,
872 802 932 845 neo
957 778 998 846 ab
1025 780 1120 846 attico

92 883 210 949 dicendi
241 904 305 947 usu
335 882 474 947 alienum
505 904 577 948 esse
608 882 746 949 ostendit
776 882 1001 969 Aristophanis
1031 882 1119 948 loeus

93 986 167 1072 apud
185 985 352 1051 Pollucem
369 985 430 1065 IV,
452 986 524 1051 186.
568 983 665 1051 Adde
686 984 901 1051 Menandrum
925 984 1013 1051 Sent.
1036 985 1118 1072 sing.

93 1090 157 1156 439.
177 1084 289 1167 οὐδεὶς
305 1094 373 1177 πῦρ
392 1086 440 1166 εἰς
454 1088 608 1176 χρήματα
626 1085 740 1167 διδοὺς
754 1085 933 1168 ἐπαύσατο,
953 1087 1009 1153 ubi
1021 1110 1120 1173 quum

94 1215 144 1279 ego
170 1193 203 1256 in
234 1190 341 1258 verbis
368 1197 436 1279 πῦρ
460 1191 508 1271 εἰς
529 1191 712 1279 genetivum
740 1192 856 1257 doloris
883 1191 997 1257 malive
1022 1190 1119 1257 latere

94 1295 247 1373 dixissem,
266 1297 386 1381 optime
404 1295 567 1382 Hauptius
585 1294 619 1361 id
636 1293 743 1384 πυρὸς
760 1317 831 1361 esse
850 1294 1013 1360 intellexit.

535 1482 585 1537 Vs.
604 1482 665 1537 959.

94 1598 192 1656 ΠΙΣθ.
212 1584 364 1676 εὐφημία
379 1583 471 1654 ’oron
507 1596 668 1654 ΧΡΗΣΜ.
686 1584 731 1673 μὴ
750 1585 892 1675 κατάρξῃ
910 1592 969 1653 τοῦ
985 1586 1118 1675 τράγου.

150 1708 284 1775 Solenni
301 1707 438 1774 formula
455 1703 602 1796 εὐφημία
617 1704 698 1774 ’στω
716 1706 769 1772 vel
787 1703 963 1794 εὐφημεῖτε
984 1708 1029 1773 ita
1047 1730 1121 1773 con-

95 1823 201 1903 stanter
223 1812 324 1877 utitur
343 1810 593 1898 Aristophanes,
619 1820 656 1876 ut
678 1821 768 1877 extra
789 1824 918 1877 versum
941 1812 982 1877 sit
1003 1811 1121 1898 posita3

95 1916 177 2001 idque
199 1917 298 1981 etiam
320 1915 383 1981 hoo
399 1915 469 1980 loco
487 1914 606 1981 factum
624 1924 687 1992 est,
710 1913 806 1980 modo
824 1924 897 1979 ante
914 1911 959 2001 μὴ
978 1913 1120 2002 κατάρξῃ

96 2019 200 2105 aliquid
218 2019 378 2085 excidisse
397 2028 528 2084 statuas.
574 2017 786 2084 Scribendum
805 2018 964 2083 existimo:

76 2181 90 2202 a
129 2148 237 2207 [ΗΣΘ.
262 2135 411 2228 εὐφημία
424 2133 518 2206 'otto

129 2252 287 2310 ΧΡΗΣΜ.
313 2241 415 2329 μήπω
433 2266 470 2328 γε
486 2240 604 2328 μήπω,
626 2239 671 2329 μὴ
689 2239 833 2329 κατάρξῃ
851 2244 910 2306 τοῦ
928 2237 1059 2325 τράγου.

97 2361 175 2446 Quae
197 2364 280 2429 ratio
304 2363 399 2428 etiam
425 2385 463 2428 eo
490 2361 743 2440 commendatur,
770 2360 856 2446 quod
882 2359 1120 2446 ehresmologos

98 2466 188 2532 subito
219 2468 256 2531 in
287 2488 416 2531 scenam
446 2466 597 2552 ingruens
624 2465 679 2529 vix
704 2475 789 2530 recte
815 2462 1049 2550 potuit'verbis
1074 2459 1120 2549 μὴ

97 2569 226 2658 κατάρξῃ
264 2570 440 2635 orationem
474 2568 580 2634 ordiri.
634 2566 703 2634 Cfr.
735 2566 821 2652 Equ.
857 2567 908 2632 19.
940 2565 984 2653 μή
1012 2561 1120 2651 ’μοιγε

98 2669 229 2760 Ικη’μολ,
249 2670 295 2759 μὴ
315 2672 590 2759 διασκανδικίσῃς.

450 2899 452 2905 .
538 2858 587 2913 Vs.
605 2857 666 2912 977.

132 2962 187 3033 κᾶν
204 2966 265 3051 μὲν
282 2969 409 3032 θέσπιε
426 2970 523 3052 κοῦρε
540 2969 641 3050 ποιῇς
657 2957 769 3043 ταῦθ’,
794 2957 840 3042 ὡς
858 2960 1018 3030 ἐπιτέλλω
1036 3001 1080 3010 -

152 3086 225 3169 Quo
248 3086 315 3152 iure
338 3086 380 3165 is,
403 3084 458 3169 qui
480 3084 641 3150 oraculum
665 3082 814 3162 consulit,
837 3087 985 3162 θέσπισς
1005 3089 1123 3171 κοῦρος

100 3189 238 3274 appellari
255 3189 405 3275 potuerit,
423 3210 487 3253 non
504 3186 676 3274 perspici03
703 3188 772 3273 ipse
790 3187 868 3252 deus
887 3187 942 3271 qui
959 3186 1122 3252 oraculum

101 3291 154 3355 edit
169 3297 317 3371 θέσπισς
335 3303 396 3372 est,
421 3292 533 3356 nonis
557 3291 608 3355 oui
631 3289 744 3355 editur.
789 3289 897 3374 Quare
921 3288 1122 3355 scribendum

19 3395 20 3402 '
101 3404 202 3476 pulo:⁴

135 3492 190 3563 κάν
206 3498 265 3581 μὲν
283 3499 422 3563 straete
440 3502 535 3584 κοῦρε
552 3500 654 3583 ποιῇς
670 3490 781 3575 ταῦθ’,
802 3490 847 3574 ὥς
865 3491 1026 3562 ἐπιτέλλεο
1045 3530 1087 3542 -

102 3613 155 3681 Cui
185 3618 382 3684 coniecturae
412 3640 477 3682 non
508 3616 613 3683 obstat
649 3616 736 3701 quod
766 3616 928 3681 Homerus
963 3617 1123 3694 θέσκελος

100 3720 214 3786 nonnisi
234 3721 275 3786 de
301 3719 397 3786 rebus
424 3720 582 3801 (θέσκελα
608 3718 699 3808 ἐ’ργα)
727 3719 817 3798 dicit,
842 3741 995 3806 personas
1017 3729 1122 3785 autem

102 3824 298 3902 θεοεικέλους
315 3823 420 3888 dicere
439 3822 528 3889 solet.
574 3822 670 3906 Quod
686 3832 849 3908 praeterea
863 3822 1006 3889 Cobetus
1024 3824 1124 3910 ποιή-

102 3945 152 4010 οης
176 3926 374 3992 scribendum
402 3948 474 3992 esse
499 3926 652 4013 praecipit
677 3948 736 4012 pro
766 3931 868 4014 ποιῇς
892 3921 1004 4007 ταῦθ’,
1040 3937 1124 3993 oerte

103 4047 157 4091 non
176 4030 389 4095 necessarium
412 4051 484 4095 esse
506 4039 631 4115 praeter
654 4030 734 4095 alios
756 4030 849 4095 docet
870 4029 940 4115 ipse
957 4029 1123 4117 Aristoph.

102 4126 176 4195 Nub.
187 4133 279 4198 1009.
298 4127 357 4199 κᾶν
369 4137 475 4198 ταῦτα
489 4138 598 4220 ποιῇς,
619 4131 711 4213 ἕξεις,
732 4144 763 4197 et
777 4132 1021 4198 Anaxandrides
1039 4133 1124 4218 apud

103 4228 290 4300 Athenaeum
302 4234 363 4301 IV.
378 4258 410 4322 p.
423 4236 495 4301 131.
511 4260 539 4300 a.
558 4231 617 4302 κᾶν
631 4241 738 4302 ταῦτα
751 4240 851 4323 ποιῇς
866 4230 980 4323 ὥσπερ
996 4235 1121 4323 φράζω,
