2859 4909
277 380 320 445 36
704 392 884 450 VESPAE.
915 387 920 394 ’

279 533 456 620 adscriptus
480 543 560 612 erat,
582 533 747 621 irrepsisse
769 533 910 601 arbitror.
953 533 1057 599 Aliter
1078 534 1117 599 de
1134 533 1184 600 his
1203 534 1317 612 statuit
1325 519 1330 530 ²

280 636 499 715 Hamakerus,
522 638 577 722 qui
594 636 769 703 secundum
787 660 914 703 versum
932 636 1023 703 eiecit
1039 646 1070 703 et
1084 638 1174 703 tertio
1187 637 1316 724 scripsit

282 730 317 806 εὖ
342 735 408 807 οἷδ’
428 735 500 827 ὁτιή
523 762 581 827 pro
609 733 685 807 ὥστ’
707 735 771 807 oto’
795 735 881 827 ὁτιή,
914 763 995 826 quse
1026 751 1108 807 certe
1131 763 1202 806 non
1231 740 1317 804 lenis

281 843 414 909 mutatio
431 853 490 909 est.

726 1046 776 1103 Vs.
795 1047 872 1101 1449.

387 1162 453 1253 σῖμ>
470 1164 517 1247 ὥς
535 1164 668 1237 ἀπόλοι’
686 1165 819 1237 αὐτοῖσι
836 1181 906 1248 τοῖς
925 1181 998 1249 σοῖς
1014 1168 1206 1257 κανθάροις.

348 1304 456 1393 Vulgo
473 1306 589 1394 legitur
604 1315 813 1385 ΑΠΟΛΕΙΣ,
838 1306 923 1391 quod
944 1329 1039 1392 quam
1063 1305 1195 1394 proclivi
1212 1328 1319 1371 enare

285 1432 324 1476 ex
348 1417 539 1478 AIIOAOIO
570 1410 659 1476 nasci
688 1410 825 1497 potuerit
855 1410 959 1495 quivis
990 1409 1109 1488 videat3
1145 1432 1208 1474 non
1234 1407 1322 1473 male

284 1525 391 1579 tamen
407 1512 559 1579 Reiskius
577 1512 710 1579 coniecit
729 1509 846 1579 ἀπολῶ
866 1509 905 1593 o',
933 1513 1018 1597 quod
1039 1512 1156 1599 recepit
1178 1511 1323 1577 Dindor-

284 1616 355 1683 iius.
401 1615 486 1681 Tum
512 1626 584 1693 τοῖς
611 1627 684 1695 σοῖς
710 1616 823 1702 scripsi
848 1638 905 1703 pro
931 1627 1034 1696 τοῖσι,
1062 1637 1118 1702 pro
1145 1637 1208 1700 quo
1235 1614 1330 1680 Ram·

286 1718 382 1784 habet
397 1730 478 1796 τοῖς.

626 1934 629 1939 “
729 1921 779 1977 Vs.
798 1922 875 1977 1490.

461 2054 498 2111 Φ.
522 2042 663 2130 πτήσσει
684 2043 842 2131 Φρύνιχος
860 2038 906 2122 ὥς
922 2069 973 2122 τις
992 2038 1146 2130 ἀλέκτωρ.

458 2159 494 2214 Ξ.
518 2146 601 2230 τάχα
618 2145 804 2233 βαλλήσεις.

352 2285 564 2352 Lascivientis
587 2285 665 2350 haec
682 2283 895 2350 Philocleonis
916 2282 1012 2351 verba
1033 2294 1132 2371 sunt„
1148 2283 1181 2347 in
1203 2283 1325 2367 quibus

287 2389 349 2457 nisi
367 2411 439 2455 cum
457 2388 602 2454 Bentleio
619 2386 764 2476 πλήσσει
781 2410 838 2474 pro
856 2386 1000 2474 πτήσσει
1018 2386 1147 2464 scribas,
1166 2386 1255 2451 locus
1274 2387 1326 2451 in-

287 2492 386 2580 telligi
403 2515 466 2558 non
484 2501 599 2578 potest.
643 2489 708 2556 Pro
726 2490 876 2557 librorum
896 2491 1050 2577 scriptura
1072 2503 1177 2556 tamen
1198 2501 1326 2577 pugnat

241 2609 244 2614 '
286 2595 450 2662 Nauckius
476 2593 616 2659 Bulletin
645 2592 685 2659 de
711 2592 835 2659 l'Acad.
864 2593 903 2659 de
930 2591 980 2659 St.
1002 2592 1145 2660 Petersb.
1173 2592 1234 2658 vol.
1260 2592 1323 2658 VI.

286 2722 318 2785 p.
350 2697 402 2763 54.
434 2694 682 2781 Aristophanem
722 2695 866 2763 consulto
900 2696 1073 2783 incongrua
1104 2696 1326 2782 composuisse

287 2808 389 2878 ratus,
425 2799 514 2864 cuius
547 2797 654 2863 iudicii
685 2798 768 2864 hanc
803 2799 1003 2885 potissimum
1038 2821 1166 2865 causam
1200 2798 1326 2878 habuit,

287 2902 437 2989 quoniam
464 2900 615 2987 simplicis
643 2902 738 2967 activi
761 2900 921 2988 πλήσσειι
942 2902 1063 2967 nullum
1086 2901 1172 2988 apud
1193 2901 1325 2967 Atticos

287 3004 468 3091 exemplum
489 3004 656 3089 reperitur,
679 3004 712 3069 id
734 3005 820 3089 quod
842 3006 962 3091 primus
982 3004 1160 3071 observavit
1179 3004 1325 3071 Cobctus

287 3109 330 3177 V.
348 3108 390 3174 L.
406 3129 438 3194 p.
457 3107 531 3172 332.
575 3106 684 3172 Activi
701 3108 850 3191 frequens
869 3108 955 3194 apud
969 3107 1146 3173 Homerum
1165 3131 1243 3173 usus
1262 3119 1325 3187 est,

287 3233 390 3297 neque
413 3210 586 3295 quidquam
607 3210 833 3296 impedimento
856 3221 918 3289 est,
946 3211 1114 3294 quominus
1133 3210 1327 3297 Aristopha-

288 3338 361 3382 nem
380 3336 532 3380 concessa
546 3312 755 3398 anapaesticis
773 3313 911 3378 numeris
925 3312 1072 3379 vlibertate
1091 3337 1184 3379 usum
1199 3315 1326 3400 epicam

288 3420 422 3485 formam
435 3416 581 3502 posuisse
596 3426 780 3481 statuamus.
821 3416 1041 3504 Phrynichum
1054 3426 1159 3481 autem
1172 3440 1237 3482 non
1251 3441 1327 3483 esse

287 3520 426 3587 nobilem
444 3519 599 3604 tragicum
617 3517 657 3583 ab
675 3517 891 3605 Aristophane
910 3520 1042 3585 summis
1064 3519 1211 3585 laudibus
1230 3544 1327 3586 orna-

288 3634 356 3688 tum
382 3633 560 3707 temporum
586 3620 723 3686 rationes
750 3622 915 3698 evincunt3
942 3622 970 3687 is
997 3644 1061 3707 quo
1083 3645 1166 3688 anno
1192 3623 1325 3710 Vespae

289 3723 477 3790 commissae
502 3733 588 3801 sunt,
615 3722 736 3787 dudum
760 3723 801 3787 ad
821 3724 927 3810 piures
950 3724 1078 3790 abierat.
1124 3725 1237 3809 Itaque
1262 3726 1330 3791 sal·

288 3835 371 3893 tator
391 3824 614 3911 intelligendus
637 3824 745 3903 fuerit,
769 3825 809 3891 de
831 3848 894 3909 quo
916 3826 982 3891 dixi
999 3827 1085 3893 Hist.
1105 3830 1172 3892 crit.
1196 3850 1228 3913 p.
1250 3828 1328 3894 149.

288 3927 401 3994 Altero
423 3950 518 3993 versu
535 3928 617 3994 Rev.
639 3926 787 4014 βαλλήσή
810 3926 919 4006 habet,
947 3931 1033 4013 quod
1054 3940 1138 3995 recte
1161 3929 1329 4018 Bergkius

286 4027 459 4114 βαλλήσει,
481 4030 619 4116 feriens,
648 4030 781 4115 scripsit.
827 4028 934 4097 Schol.
957 4032 1038 4098 Rav.
1068 4028 1139 4098 ἀντὶ
1161 4039 1221 4099 τοῦ
1243 4036 1330 4123 βλη·
1399 4073 1402 4078 ,

288 4129 393 4216 θήσῃ,
414 4131 588 4219 νικήθήσῃ.
