2859 4909
615 1124 996 1217 EQUITES.

761 1359 811 1416 Vs.
829 1360 855 1414 9.

450 1467 623 1548 ξυναυλίαν
640 1463 832 1549 κλαύσωμεν
852 1461 1028 1548 Οὐλύμπου
1047 1463 1157 1548 νόμον.

352 1588 406 1654 De
427 1587 478 1652 his
500 1586 545 1651 ita
562 1595 665 1653 statuo
683 1596 719 1651 ut
736 1585 833 1651 verba
852 1581 1027 1669 Οὐλύμπου
1046 1584 1146 1668 νόμον
1164 1585 1237 1669 ipsa
1256 1608 1334 1652 esse

289 1691 402 1779 tragici
420 1689 551 1756 alicuius
575 1689 673 1756 verba
695 1689 886 1768 existimem,
910 1710 991 1773 quae
1013 1685 1182 1769 αόνολεξεὶ
1198 1688 1334 1756 Ariste·

289 1795 411 1882 phanea
438 1793 624 1879 assumpsit,
660 1815 725 1858 nen
750 1803 786 1858 ut
812 1814 850 1858 ea
875 1792 1004 1870 rideret,
1041 1792 1098 1857 sed
1123 1802 1159 1857 ut
1184 1793 1334 1858 comicae

290 1896 419 1964 dictioni
450 1895 568 1980 aliquid
597 1896 763 1983 gravitatis
790 1895 978 1961 conciliaret.
1034 1892 1157 1961 Sensus
1183 1905 1248 1960 est:
1289 1919 1332 1960 an

289 2000 427 2066 lamenta
444 1998 633 2065 misceamus
651 1997 840 2087 lugubribus
858 1998 909 2063 usi
927 1997 1030 2063 modis
1050 1995 1193 2085 Olympi.

750 2167 801 2224 Vs.
819 2167 862 2221 20.

415 2269 483 2339 ἀλλ’
500 2269 573 2362 εὑρέ
590 2268 648 2342 τιν’
666 2269 825 2340 ἀπόκινον
844 2267 914 2339 ἀπὸ
933 2278 992 2339 τοῦ
1013 2270 1190 2340 δεσπότου.

353 2393 539 2460 Dobraeum
565 2393 647 2459 male
674 2392 785 2459 habuit
810 2388 872 2460 τιν’
897 2388 1072 2470 ἀπόκινον,·
1106 2392 1191 2476 quod
1216 2401 1329 2456 autem

290 2493 436 2586 εόρετέον
448 2496 669 2584 corrigendum
687 2519 759 2563 esse
777 2497 862 2575 dicit,
880 2507 1007 2584 propter
1021 2506 1155 2561 metrum
1169 2494 1245 2560 ferri
1258 2517 1328 2560 non

289 2610 404 2686 petest.
440 2598 548 2683 Quare
562 2601 589 2665 si
603 2600 679 2685 quid
693 2600 890 2678 mutandum,
910 2599 1112 2665 scribendum
1129 2607 1178 2664 est
1195 2592 1325 2685 εὖρετέ’

290 2699 457 2769 ἀπόκινον.
498 2702 546 2768 At
562 2713 646 2769 recte
664 2701 736 2768 libri
753 2697 812 2769 τιν’
828 2701 955 2783 habent,
975 2702 1061 2787 quod
1077 2711 1113 2766 ut
1130 2722 1225 2787 saepe
1244 2700 1326 2766 alias

289 2805 381 2889 quasi
398 2804 609 2871 adverbiascit
626 2829 735 2893 quaem
753 2830 812 2894 quo
829 2818 923 2893 pacto
942 2809 1032 2893 quusi
1048 2806 1205 2870 saltantes.
1251 2802 1324 2870 Cfr.

182 2992 184 2996 .
288 2906 378 2973 Eccl.
392 2906 467 2972 351.
486 2904 570 2974 ἀλλὰ
585 2904 623 2974 σὺ
637 2908 696 2992 μὲν
713 2907 842 2993 ἱμονιάν
854 2903 911 2974 τιν’
929 2904 1129 2986 ἀποπατεῖς.
1168 2906 1327 2972 ‘Ceterum

287 3020 360 3098 post
377 3010 462 3076 hunc
474 3033 601 3077 versum
619 3011 774 3079 excidisse
794 3012 912 3097 aliquid
929 3034 1013 3090 vere,
1031 3011 1150 3097 opinor,
1168 3009 1326 3075 intellexit

287 3112 458 3200 Adelphus
481 3114 521 3179 de
543 3112 663 3181 Velsen
685 3115 719 3180 in
740 3113 857 3181 Museo
878 3115 981 3181 Rhen.
1004 3137 1076 3181 nov.
1099 3113 1162 3179 vol.
1186 3112 1324 3179 XVIII.

287 3241 319 3305 p.
341 3217 412 3283 124.

747 3385 798 3442 Vs.
816 3385 858 3441 25.

864 3497 998 3580 πρῶτον
1016 3493 1088 3577 λέγε

292 3605 298 3612 ’
394 3594 562 3680 μόλωμεν,
583 3589 655 3661 εἶτα
675 3589 705 3660 δ’
723 3588 820 3673 αάνό,
840 3594 1035 3680 κανεπάμων
1052 3594 1185 3661 πυκνόν.

351 3713 415 3780 Pro
442 3714 637 3801 κατεπάγων
663 3714 745 3780 Rav.
772 3714 981 3782 emanaturas
1011 3715 1033 3779 i.
1060 3737 1087 3779 e.
1114 3713 1322 3803 κατεπᾴδων,

286 3816 376 3881 cuius
391 3818 562 3904 scripturae
576 3818 711 3906 vestigia
723 3818 818 3884 etiam
836 3818 889 3883 alii
903 3818 1027 3884 codices
1041 3817 1191 3896 referunt,
1210 3818 1325 3883 edidit·

279 3940 349 4003 que
366 3918 411 3984 ita
427 3920 598 4007 Bergkius.
642 3909 695 3986 Ac
712 3921 849 3987 fortasse
867 3922 911 3986 ita
929 3920 1054 4006 scripsit
1072 3920 1321 4007 Aristophanem

286 4030 322 4085 ut
339 4021 457 4086 editam
476 4023 662 4109 scripturam
681 4046 850 4102 servarem,
869 4024 968 4089 mevit
985 4046 1037 4089 me
1054 4022 1143 4088 locus
1163 4020 1322 4111 Sosipatri

286 4124 371 4209 apud
384 4123 586 4190 Athenaeum
604 4126 668 4191 IX.
682 4150 714 4213 p.
729 4127 831 4194 378f.
850 4125 934 4193 πότε
953 4126 1005 4192 ἀεῖ
1021 4123 1220 4211 πυκνότερον
1239 4124 1324 4194 ἐπα-

285 4238 395 4312 γαγεῖν
409 4228 464 4293 καὶ
477 4227 686 4316 subreptitias.
723 4230 837 4295 Malim
850 4253 925 4295 vero
939 4220 1007 4317 κᾷτ’
1021 4228 1153 4315 ἐπάγων
1166 4234 1299 4299 πυκνόν.
