2859 4909
518 426 704 485 PLUTUS.

549 565 600 622 Vs.
620 565 679 621 732.
741 641 744 644 ·

527 667 592 738 εἶθ’
609 666 627 739 ό
646 667 730 749 θεὸς
748 667 956 739 ἐπόππυσεν.

262 772 418 863 ἐξῃξάτην
437 763 494 841 ουν
512 773 572 841 δόο
592 768 739 860 δράκοντ’
756 771 791 839 ἐκ
808 778 868 840 τοῦ
886 773 960 842 νειό.

161 895 246 974 Fuit,
267 896 395 962 sirecte
412 895 556 973 memini,
575 895 631 979 qui
647 890 829 982 κάξῃξότην
847 893 971 962 σόνδυα
987 890 1132 984 δράκοντ’
1172 937 1175 940 -

96 999 284 1087 corrigeret3
306 1022 370 1066 non
388 998 484 1065 credo
505 998 567 1064 hoo
589 1019 670 1084 opus
693 1019 780 1078 esse,
806 998 863 1065 sed
885 998 913 1063 si
935 998 1013 1083 quid
1034 998 1135 1065 offen·

97 1102 196 1168 sionis
214 1101 311 1168 habet
328 1101 413 1169 edita
431 1102 597 1188 scriptura,
623 1101 770 1167 sufficere
792 1101 904 1188 opinor
926 1098 1081 1189 ἐξῃξάτην
1100 1096 1132 1166 δ’

9 1293 10 1298 ¹
96 1194 167 1286 οὖν,
196 1227 331 1290 quarum
356 1205 581 1292 particularum
603 1205 782 1271 coniunctio
809 1205 861 1271 hic
884 1203 1048 1291 aptissima
1070 1214 1133 1282 est3

97 1308 219 1376 σύνδυο
236 1308 292 1393 qui
309 1309 423 1375 dixerit
440 1307 632 1374 comicorum
650 1308 726 1373 novi
743 1306 875 1373 nullum.

552 1494 602 1550 Vs.
623 1495 681 1548 756.

269 1597 375 1690 ὀφρῦς
394 1603 527 1689 ξυνῆγον
546 1597 809 1688 ἐσκυθρώπαζόν
827 1594 862 1665 θ’
881 1593 961 1683 ἅμα.

9 1789 10 1814 3
163 1722 244 1789 Post
274 1722 354 1788 hacc
384 1721 479 1786 unius
508 1744 620 1787 versus
652 1720 799 1785 lacunam
829 1719 1032 1786 indicandam
1063 1743 1134 1787 esse

9 1821 10 1906 ff
99 1826 258 1913 suspicor,
277 1848 342 1911 quo
359 1825 415 1910 qui
431 1825 577 1890 tetricum
594 1823 716 1889 vultum
734 1845 811 1909 prae
829 1845 863 1889 se
881 1824 1038 1902 ferebant,
1057 1847 1137 1911 pau·

9 1921 10 1934 ¹
97 1929 187 1994 latim
204 1954 224 1994 a
241 1929 329 1994 Pluti
346 1929 497 1994 comitatu
514 1928 685 1994 recessisse
703 1925 779 1991 dicti
797 1937 900 2005 erant,
919 1923 1025 2015 ὀφρῦς
1044 1928 1138 2014 ξυνῆ-

9 2029 10 2090 t
97 2055 155 2118 γον
169 2031 432 2120 ἐσκυθρώπαζόν
446 2028 493 2112 θ’,
514 2026 583 2116 άμα
602 2025 673 2117 [σῖγ’
691 2028 739 2109 εἰς
752 2027 877 2094 ἑαυτῶν
891 2024 1136 2096 όπαποκινοῦν-

9 2137 10 2210 t
97 2141 152 2214 τες
168 2135 289 2219 θαμόῙ.
336 2133 548 2214 Sententiam,
575 2158 639 2200 non
657 2132 757 2199 verba
778 2131 926 2198 indicavi.
971 2132 1023 2196 Ita
1040 2133 1134 2197 etiam

9 2231 10 2282 3
100 2232 171 2323 ἅμα
188 2225 276 2304 recte
291 2238 412 2304 dictum
429 2249 488 2316 est,
507 2236 593 2322 quod
606 2236 668 2303 nisi
681 2236 723 2302 ad
736 2236 842 2321 aliqua
855 2257 937 2320 quae
951 2235 1136 2301 exciderunt

9 2339 10 2350 ’
99 2342 235 2408 refertur
252 2342 329 2408 satis
348 2340 547 2407 abundanter
564 2342 721 2407 adiectum
740 2339 840 2405 videri
856 2349 971 2425 potest.

552 2528 602 2583 Vs.
622 2527 680 2581 768.

231 2637 312 2722 φέρε
329 2658 385 2698 νον
404 2628 487 2699 ἰοῦδ
505 2632 584 2700 ε’ίσω
602 2637 731 2716 κομίσω
748 2630 993 2715 καταχύσματα.

163 2753 281 2820 Nescio
296 2776 337 2818 an
350 2763 444 2839 poeta
459 2752 538 2821 ε’ίσω
549 2748 707 2837 ’κκομίσω
719 2752 888 2840 scripserit,
906 2763 942 2818 ut
951 2752 1050 2841 Vesp.
1062 2755 1136 2821 819.

100 2852 236 2945 θήρῷον
255 2851 350 2922 οόπω
366 2850 556 2940 ’ξεκόμισας
572 2854 611 2924 τὸ
629 2862 689 2924 τοῦ
706 2856 829 2924 Λάκου.
873 2856 913 2922 In
932 2857 1137 2942 sequentibus

9 3005 10 3024 2
101 2961 179 3026 mihi
205 2971 279 3025 ante
305 2982 353 3024 vs.
379 2959 451 3024 771.
479 2960 657 3047 complures
684 2984 795 3027 versus
821 2984 886 3026 una
912 2983 984 3026 cum
1011 2960 1137 3026 chorico

102 3074 196 3131 cantu
213 3062 361 3128 videntur
378 3062 550 3142 excidisse3
573 3086 675 3148 neque
698 3064 782 3129 enim
805 3061 954 3129 credibile
976 3073 1038 3141 est,
1060 3062 1138 3128 Plu-

9 3253 10 3256 *
102 3180 169 3233 tum
192 3166 365 3233 orationem
390 3189 480 3231 suam
504 3191 524 3231 a
545 3166 650 3232 verbis
668 3167 724 3231 καὶ
741 3171 916 3254 προσκυνῶ
935 3189 971 3252 γε
989 3187 1138 3231 exorsum
1195 3228 1197 3232 .

103 3293 183 3338 esse.

554 3438 604 3494 Vs.
623 3439 684 3493 813.

360 3542 438 3623 τους
456 3544 493 3610 δὲ
510 3548 724 3621 πινακίσκους
741 3538 818 3621 τοὺς
835 3539 986 3631 σαπροὺς

253 3643 330 3726 τοὺς
348 3644 528 3734 ἰχθυηροὺς
546 3642 707 3734 ἀργυροῦς
725 3640 870 3733 πάρεσθ’
887 3640 977 3730 δρᾶν.

9 3849 10 3852 ¹
165 3767 283 3835 Nescio
306 3767 361 3851 qui
383 3767 446 3833 sint
466 3772 657 3835 πινακίσκοι
679 3771 818 3854 σαπροί,
842 3765 928 3851 quod
949 3764 1140 3832 vocabulum

9 3861 10 3864 ¹
104 3895 176 3938 cum
193 3871 236 3937 ad
254 3868 372 3958 σήπειν
388 3871 602 3935 revocandum
621 3870 675 3948 sit,
697 3870 787 3956 ipsae
808 3868 915 3934 lances
939 3871 1069 3956 σαπραὶ
1085 3894 1141 3936 vo-

104 3976 167 4042 cari
189 3975 245 4040 vix
267 3985 412 4060 possunt.
458 3971 566 4056 Quare
589 3969 739 4060 σαθροὺς
761 3971 963 4039 scribendum
987 3974 1140 4061 suspicor,

104 4078 288 4145 fatiscentes
304 4087 335 4141 et
348 4076 479 4157 laceros,
499 4076 615 4161 quibus
633 4076 714 4142 bene
732 4088 934 4162 opponuntur
950 4082 1142 4144 πινακίσκοι

9 4249 10 4252 ,
105 4176 252 4270 ἀργυροῖ.
296 4179 349 4245 De
371 4180 529 4265 frequenti
551 4180 777 4245 adiectivorum
801 4176 930 4267 σαπρὸς
957 4189 989 4246 et
1012 4176 1142 4268 σαθρὸς

9 4375 10 4378 ¹
104 4282 333 4370 permutatione
353 4282 433 4347 dixit
451 4282 593 4349 Cobetus
611 4280 653 4348 V.
671 4282 713 4349 L.
734 4305 765 4370 p.
784 4282 859 4348 229.
