2859 4909
488 386 692 452 EQUITES.
1068 377 1112 444 57

92 522 301 610 Aristophanis
324 537 431 592 autem
454 527 525 594 loco
546 527 681 595 fortasse
703 540 804 613 μαχεῖ
828 530 1041 619 κυνοκεφάλῳ
1068 530 1110 599 σύ

91 625 134 691 vel
148 629 354 718 κονοκεφάλῳ
367 642 469 714 μαχεῖ
481 630 520 697 σά
535 630 738 698 scribendum
751 643 810 711 est,
828 633 947 718 dequo
961 634 1112 702 admonui

91 729 155 795 olim
173 729 266 797 Curis
283 732 399 799 criticis
417 734 450 799 in
469 732 673 801 Comicorum
690 736 806 823 fragm.
823 759 856 822 p.
875 736 929 803 54.

524 919 575 976 Vs.
592 921 654 976 496.

196 1022 321 1091 δάκνειν
340 1023 531 1110 διαβάλλειν
546 1023 625 1106 τοὺς
641 1024 769 1115 λόφους
786 1031 987 1095 κατεσθίειν.

141 1142 211 1209 Non
228 1153 327 1224 recte,
349 1145 473 1232 opinor,
493 1146 571 1212 dicit
587 1151 793 1226 κατεσθίειν,
817 1148 982 1216 nonenim
1000 1158 1036 1215 ut
1054 1148 1110 1215 de-

88 1258 199 1313 voraret
216 1249 326 1315 cristas
343 1271 472 1316 monere
488 1248 616 1316 volebat
632 1250 818 1329 isiciorum,
847 1250 904 1317 sed
920 1261 956 1316 ut
973 1251 1107 1317 roderet

89 1349 188 1434 ltaque
210 1346 383 1420 ἀπεσθίειν
392 1352 445 1418 vel
466 1357 666 1442 παρεσθίειι
677 1352 880 1420 scribendum
906 1353 1045 1433 videtur,
1071 1363 1108 1419 ut

30 1507 31 1514 ,
89 1452 329 1539 insequentibus
347 1465 396 1521 est
414 1451 604 1544 ἀποφαγεῖν
620 1452 663 1522 τὰ
680 1454 832 1523 κάλλαια.

523 1641 573 1699 Vs.
592 1642 653 1696 503.

286 1743 382 1832 ὑμεῖς
400 1742 431 1812 δ’
447 1743 524 1834 ἡμῖν
542 1748 705 1833 πρόσχετε
722 1744 780 1814 τὸν
796 1753 871 1815 νοῦν

286 1862 357 1930 τοῖς
376 1844 608 1931 ἀναπαίστοις,

287 1944 316 2019 αἶ
334 1958 496 2033 παντοίας
513 1948 574 2040 ἤδη
591 1951 720 2040 μούσης

30 2143 31 2150 ¹
287 2061 506 2145 πειραθέντες
522 2052 601 2123 καθ’
617 2053 765 2135 ἑαυτούς.

30 2167 31 2214 ³
142 2175 311 2244 Verissime
326 2177 531 2243 Hermennus
544 2175 667 2242 nullum
684 2176 737 2242 hic
753 2176 858 2241 locum
877 2198 949 2243 esse
966 2176 1107 2245 dhnetris

30 2223 32 2348 λ
94 2276 242 2360 intellexit3
260 2281 347 2366 quod
364 2281 448 2346 enim
466 2278 625 2367 praemitti
643 2278 724 2345 solet
740 2278 888 2365 parabnsi
905 2281 1108 2346 commntium

30 2367 32 2426 l
94 2379 254 2449 absolutum
272 2394 387 2451 estus.
409 2383 485 2449 502.
528 2382 642 2467 Itaque
663 2382 840 2469 priorsille
857 2377 1012 2466 ὑμεῖς-
1029 2379 1108 2449 ἀνα-

31 2515 33 2558 ;
93 2488 229 2567 παίστοις
245 2487 288 2553 ud
306 2511 403 2553 unum
422 2496 638 2552 tetrametrum
659 2484 874 2551 contrahenda
895 2507 966 2551 esse
989 2486 1106 2565 docuit,

31 2641 33 2702 ἱ
93 2607 170 2669 quern
186 2591 228 2656 ite
245 2591 387 2678 scripsit:
1062 2582 1067 2589 ’

31 2729 33 2770 3
126 2686 209 2775 ὑμεῖς
226 2690 257 2760 d’
273 2690 352 2781 ἡμῖν
369 2691 532 2781 πρόσχετε
549 2688 605 2764 τὸν
624 2695 699 2759 νοῦν
716 2692 862 2771 καὶτοῖς
878 2687 970 2778 ἡμῶν
988 2688 1065 2759 άνα-

673 2798 843 2874 παίστοις.

96 2892 293 2966 Hennnnnum
312 2910 440 2967 secutus
458 2909 507 2965 est
524 2896 730 2984 Hirschigius
748 2897 854 2963 locum
871 2898 916 2964 itu
931 2898 1106 2985 refingens:

126 2997 209 3086 ὑμεῖς
226 3004 262 3071 δὲ
279 3008 363 3082 τέως
380 3001 543 3092 πρόσχετε
560 2997 619 3068 τὸν
635 3005 711 3068 νοῦν
728 3012 801 3079 τοῖς
817 2996 990 3090 ἡμετέροις
1008 2997 1086 3069 άνα-

672 3109 840 3184 παίστοις,

96 3224 158 3287 quee
169 3209 251 3276 iusto
262 3209 392 3275 liberior
405 3219 454 3275 est
466 3208 675 3295 interpolatio.
700 3207 1107 3273 InHermannianaautem

97 3310 250 3379 coniectum
270 3335 336 3377 non
357 3311 461 3400 placet
482 3308 560 3399 ἡμῖν
582 3313 637 3377 καὶ
658 3322 731 3388 τοῖς
756 3306 849 3397 ἡμῶν
876 3306 1106 3394 ἀναπαίστοις.

95 3407 162 3479 Vero
174 3415 354 3482 similiorem
368 3415 619 3481 emendationem
631 3412 709 3479 mihi
722 3414 877 3500 reperisse
891 3411 1000 3478 videor
1013 3411 1106 3490 hanc,

96 3522 122 3576 ut
138 3538 202 3583 cum
222 3518 331 3605 plures
353 3518 479 3585 codices
501 3528 574 3583 ente
591 3528 664 3596 τοῖς
681 3515 819 3582 inferunt
835 3514 1022 3602 particulam
1039 3518 1104 3595 καί,

96 3635 148 3683 eun
167 3642 205 3712 en
223 3627 395 3709 χαίροντες
416 3643 582 3708 superesse
604 3629 752 3686 statuum,
796 3618 909 3704 ltaque
930 3617 1036 3684 locum
1062 3618 1107 3683 ita

96 3721 198 3808 scripsit

125 3819 208 3908 ὑμεῖς
225 3822 258 3892 d'
275 3821 353 3913 ἡμῖν
371 3826 533 3914 πρόσχετε
550 3824 608 3894 τὸν
625 3831 700 3893 νοῦν
716 3829 886 3913 χαίροντες
902 3835 975 3904 τοῖς
992 3819 1072 3892 dsu-

350 3941 353 3942 ’
671 3933 839 4006 παίστοις.

96 4022 144 4109 Qui
154 4028 200 4097 his
214 4031 410 4098 subiciuntur
423 4054 534 4099 versus
548 4054 656 4098 eorum
674 4029 867 4118 perobscura
879 4039 928 4096 est
942 4033 1108 4110 sententia,

96 4149 142 4196 non
156 4133 262 4201 melior
278 4144 311 4200 et
328 4134 495 4201 dilucidior
510 4135 631 4214 futura,
650 4136 678 4202 si
694 4134 767 4218 quis
786 4155 859 4199 cum
876 4133 945 4200 viro
963 4134 1057 4200 docto
1074 4134 1108 4199 in

96 4226 228 4304 Mnemos.
246 4238 275 4303 I.
294 4260 326 4324 p.
343 4237 418 4304 416.
436 4232 513 4304 καθ’
531 4234 668 4317 ἑαυτοὺς
685 4237 719 4302 in
736 4232 813 4303 καθ’
830 4233 946 4325 ἑορτάς
962 4236 1108 4324 refingat.
