2859 4909
300 390 364 458 160
558 401 1077 459 THESMOPHORIAZUSAE.

428 540 571 630 ἀντιστρ.
594 543 802 632 θεσμοφόρια
822 544 1040 622 πολυποτνία,

600 647 739 732 μόλετον
758 645 907 724 ἔλθετον,
926 640 1118 729 ἀντόμεσθ,
1138 644 1169 710 εἰ

515 756 585 813 1155
605 751 661 815 καὶ
679 748 842 836 πρότερόν
860 744 936 815 ποτ’
953 746 1086 835 ἐπηκόω

600 848 728 940 ἤλθετ’,
748 850 789 919 lul
809 846 967 940 ἀφίκεσθ’
985 842 1170 936 ἱκετεύομεν

605 952 729 1022 ἔνθάδε
746 957 802 1021 καὶ
819 961 884 1022 νῦν.

364 1076 534 1163 Adscripei
552 1085 654 1142 tolum
677 1076 783 1141 loeum
805 1075 931 1161 qualem
953 1097 1039 1141 nune
1065 1076 1206 1155 ederem,
1234 1075 1266 1141 si
1292 1099 1344 1142 rea
1428 1103 1429 1106 ¹

299 1180 424 1268 integra
441 1191 536 1247 esset.
576 1180 635 1248 Vs.
652 1179 747 1245 1149.
766 1173 835 1245 ἔνθ’
851 1179 964 1265 scripsi
981 1201 1038 1265 pro
1053 1168 1090 1245 οὗ
1106 1175 1154 1266 δὴ,
1175 1180 1264 1263 quod
1279 1204 1344 1245 non
1428 1257 1429 1260 ρ

300 1283 345 1349 ila
362 1282 546 1362 deleam,
568 1293 603 1349 ut
623 1279 662 1370 δὴ
679 1278 837 1367 ἀνδράσιν
854 1304 912 1368 per
929 1282 1033 1347 eraein
1055 1281 1226 1374 coalescat,
1253 1285 1344 1368 quod

300 1386 334 1452 in
351 1385 492 1453 trimetro
509 1387 645 1452 fortasse
662 1385 805 1450 facturus
824 1395 900 1462 erat,
918 1385 952 1450 in
970 1384 1087 1452 talibus
1101 1386 1239 1451 numeris
1255 1398 1344 1452 certo

301 1511 365 1555 non
395 1489 472 1555 feeit
504 1500 607 1576 poeta.
656 1488 716 1556 Va.
750 1487 844 1553 1151.
880 1488 984 1553 delevi
1020 1487 1106 1573 quod
1140 1490 1344 1576 grammatici

301 1592 458 1658 emblema
479 1615 551 1658 ease
574 1592 699 1659 videtur
721 1598 818 1659 θεοῖν
841 1592 908 1657 eive
930 1604 966 1656 ut
988 1592 1059 1658 libri
1081 1590 1200 1658 habent
1225 1598 1340 1659 θεαῖν.

300 1695 352 1760 Ila
369 1695 468 1761 multo
486 1694 606 1761 minore
628 1719 726 1783 opera
747 1695 870 1761 numeri
891 1695 1013 1760 restitui
1031 1681 1167 1780 poabunt
1188 1696 1221 1760 in
1243 1720 1343 1762 versu

301 1796 538 1884 antistrophioo.
582 1798 641 1864 Vs.
666 1799 760 1865 1155.
788 1809 873 1865 reete
905 1799 972 1864 sine
1003 1798 1101 1866 dubio
1131 1798 1342 1883 Hermannus

301 1900 354 1965 hio
370 1899 485 1987 posuit.
530 1900 589 1967 Va.
610 1902 803 1968 1153-55.
823 1903 856 1967 in
875 1901 968 1967 codd.
987 1902 1032 1967 ita
1048 1902 1211 1989 leguntur:

516 2020 656 2105 μόλετον
674 2021 825 2101 ἔλθετον,
846 2018 1002 2105 ἀντόμεθ’
1021 2011 1049 2088 τό

518 2126 729 2214 θεσμοφόρω
747 2126 967 2204 πολυποτνία,

518 2227 549 2295 εἰ
566 2229 622 2295 καλ
640 2228 786 2317 πρότρον
804 2223 880 2295 ποτ’
899 2226 1043 2315 ἐπηκόω.

237 2335 238 2338 ¹
302 2347 476 2415 Edideram
498 2348 577 2415 haec
599 2350 640 2415 ad
666 2359 803 2415 mentem
826 2349 1017 2426 Hermanni,
1045 2348 1103 2420 sed
1129 2347 1160 2415 εἰ
1185 2352 1342 2437 particula

302 2452 336 2518 in
353 2452 470 2519 talibus
487 2451 721 2539 precationibus
740 2474 812 2517 oum
830 2450 913 2517 abici
930 2475 994 2519 non
1012 2453 1123 2538 possit,
1142 2476 1226 2519 nuno
1245 2456 1341 2541 paulo

303 2555 397 2622 uliam
420 2557 505 2622 viam
528 2556 692 2643 ingressus
714 2579 800 2633 sum,
823 2553 956 2641 probata
977 2567 1082 2620 tamen
1101 2556 1342 2623 Hermanniana

302 2681 451 2724 versuum
469 2659 712 2746 transpositione
730 2681 860 2745 prorsus
877 2659 1064 2724 necessaria.
1100 2658 1232 2726 Numeri
1248 2656 1343 2729 ἀντό-

302 2757 406 2845 μεοθ’
427 2750 454 2825 τό
477 2765 507 2843 (Δ
537 2799 557 2817 υ
588 2802 606 2815 -
631 2764 660 2842 -)
682 2762 873 2847 respondent
897 2759 1063 2847 strophiolo
1085 2756 1242 2848 ὑμέτερον
1265 2759 1338 2831 ἔνθ’
1428 2757 1429 2784 ³

302 2867 333 2946 (A
363 2901 384 2920 υ
418 2900 482 2937 2
508 2865 542 2944 -)
564 2862 641 2928 Duo
658 2863 762 2929 ultimi
780 2888 889 2931 versus
907 2865 939 2929 in
957 2862 1045 2929 libris
1062 2864 1108 2929 ila
1125 2866 1340 2953 seriptisunt:

519 2977 675 3070 ἤλθετον,
695 2990 751 3051 νῦν
770 2980 887 3073 ἀφίκε-

519 3091 619 3166 σθον,
641 3086 838 3171 ἱκετεύομεν,
859 3084 977 3155 ἐνθάδ’
993 3085 1081 3176 ἡμῖν.

305 3205 397 3291 Quae
415 3228 500 3272 nuno
517 3207 561 3271 ita
579 3208 712 3286 correxi,
737 3219 772 3272 ut
789 3218 820 3273 et
837 3207 1005 3274 verborum
1024 3218 1198 3274 structurae
1216 3210 1250 3275 in
1268 3212 1338 3276 tali-

304 3310 364 3376 bus
377 3309 524 3398 precibus
539 3309 671 3375 solemni
686 3321 718 3376 et
734 3312 873 3378 numeris
892 3312 1089 3377 satisfactum
1108 3312 1158 3377 eit.
1205 3311 1259 3379 Cs.
1280 3314 1340 3381 So·

302 3414 433 3501 phoclea
452 3411 536 3480 Oed.
556 3413 595 3478 Τ.
616 3414 688 3480 162.
713 3411 754 3479 ἰώ
776 3416 909 3499 τρισσοὶ
932 3410 1123 3503 ἀλεξίμοροι
1145 3416 1339 3505 προφάνητε

302 3541 376 3601 μοι,
405 3516 438 3583 εέ
461 3540 545 3583 ποτε
571 3517 626 3582 καὶ
653 3520 818 3603 προτέρας
845 3511 926 3595 ἀτσς
952 3557 995 3566 -
1021 3514 1157 3604 ἠνύσατ’
1182 3516 1339 3588 ἔκτοπλσν

304 3619 414 3707 φλόγα
431 3619 598 3708 πήματος,
619 3617 736 3686 ἔλθετε
753 3622 809 3686 καὶ
827 3625 891 3687 νῦν.

751 3822 801 3878 Vs.
820 3823 896 3878 1216.

450 3928 544 4014 οέμοτ
559 3934 593 3996 τί
611 3928 726 4017 δρᾶσι,
752 3940 815 3996 ποῖ
827 3923 897 3995 ’στι
913 3940 977 3996 ποῖ
994 3925 1031 3995 τό
1049 3927 1167 4017 γρᾴδιο
1174 3957 1186 4012 ,·

446 4026 674 4118 Ἀρταμουξία.

367 4150 418 4217 Ita
434 4150 514 4216 haee
530 4173 614 4217 nune
633 4150 799 4218 scribenda
816 4162 903 4239 poto.
942 4151 1015 4217 Non
1033 4151 1070 4218 σέ
1082 4175 1142 4236 μοι
1159 4151 1191 4218 h.
1209 4151 1232 4217 1.
1251 4164 1339 4219 extra
1428 4211 1429 4244 ρ

302 4276 431 4323 versum
452 4253 634 4341 ponendum
656 4266 737 4333 erat,
765 4255 822 4320 sed
836 4251 1065 4343 Ἀρταμουξία,
1089 4267 1124 4320 ut
1145 4255 1267 4321 sactum
1291 4268 1338 4323 est
1428 4249 1429 4328 J
