2859 4909
657 390 954 447 LYSISTRATA.

738 528 788 585 Vs.
809 529 868 584 117.

439 633 523 722 ,ἐγὼ
543 634 579 703 δὲ
597 638 653 700 καί
669 659 712 700 κα
729 631 835 703 ποττὸ
857 633 1017 722 Ταύχειον
1036 634 1102 705 άνω

459 732 595 822 ἔλσοιμ’,
615 732 686 826 ὅπᾳ
702 738 858 823 μέλλοιμί
874 734 902 826 y’
918 737 1049 828 εἰράναν
1068 739 1148 828 idria

352 861 485 929 Certum
502 871 551 925 est
568 852 639 946 ὅπᾳ
661 869 844 946 corruptum
861 881 943 927 esse.
987 860 1158 928 Dobraeus
1178 856 1258 929 ύσεν
1276 860 1325 926 vel

288 963 412 1035 ὁπόσαν
434 961 584 1029 tentabat
629 960 794 1029 Sententia
816 963 884 1029 sine
905 963 1002 1030 dubio
1024 964 1104 1032 haec
1124 975 1192 1052 est,
1217 988 1254 1031 se
1275 964 1324 1030 vel

288 1067 426 1157 Taygeti
439 1085 591 1133 cacumen
608 1064 802 1131 adscendere
821 1066 911 1145 velle,
930 1066 959 1133 si
975 1067 1036 1134 hoc
1053 1068 1127 1133 inde
1144 1090 1324 1154 consequa·

287 1186 356 1251 tur,
383 1180 418 1237 ut
442 1191 555 1259 pacem
581 1168 688 1234 videat
713 1168 764 1233 vel
791 1168 899 1235 visura
924 1170 975 1236 sit.
1020 1170 1235 1258 Aristophani
1261 1171 1323 1237 noli

286 1276 430 1343 dubitare
447 1273 525 1358 quin
541 1270 704 1337 lenissima
722 1271 879 1337 medicina
894 1273 1091 1340 reddendum
1109 1275 1165 1340 sit:

417 1387 540 1478 ἔλσοιμ’
557 1388 648 1479 ὅρος,
668 1388 704 1457 αἰ
721 1392 876 1476 μέλλοιμί
891 1389 919 1480 y'
935 1391 1066 1482 εἰράναν
1085 1394 1169 1482 ἰδῆν.

285 1517 501 1584 Lenissimam
527 1514 594 1579 dixi
620 1510 823 1617 rnedicinam3
858 1512 936 1598 quid
961 1515 1045 1580 enirn
1072 1514 1194 1595 lenius,
1227 1539 1320 1603 quam

286 1628 391 1689 ΟΓΑΙ
405 1628 525 1685 mutare
542 1617 575 1682 in
594 1623 695 1684 OPAI
709 1616 730 1683 ἰ.
751 1638 778 1682 e.
799 1623 902 1684 OPOE
919 1615 991 1685 AI?

738 1818 789 1876 Vs.
808 1819 866 1874 179.

401 1924 496 1993 θύειν
515 1924 691 2003 δοκούσαις
708 1925 905 2010 καταλαβεῖν
922 1923 979 2014 τὴν
998 1923 1190 2016 άκρύπολιν.
1252 1966 1257 1973 ·

347 2047 421 2114 Non
434 2069 531 2113 ansus
546 2069 616 2112 sum
632 2043 756 2112 Cobeto
768 2067 888 2112 morem
901 2068 1010 2134 gerere
1026 2044 1084 2135 τὴν
1101 2048 1204 2116 πόλιν
1222 2056 1318 2116 κατα-

284 2149 462 2236 λαμβάνειν
479 2149 657 2237 corrigenti,
676 2157 815 2215 ceterum
833 2149 1072 2228 rectissima-ut
1088 2151 1166 2217 mihi
1185 2152 1316 2228 videtur,

264 2253 532 2342 ‘Aristophanem
564 2247 746 2340 ἀκρόπολιν
776 2273 833 2339 pro
868 2251 968 2319 πόλιν
1002 2276 1164 2339 nunquam
1202 2256 1316 2321 dixisse

284 2357 463 2424 affirmanti.
507 2355 658 2422 Fortasse
680 2354 816 2421 delenda
835 2365 912 2426 sunt
934 2355 1030 2421 verba
1047 2359 1246 2444 καταλαβεῖν
1262 2357 1316 2445 τὴν

284 2457 479 2547 ἀκρόπολιν,
508 2451 551 2525 ad
572 2458 761 2525 sententiam
783 2469 814 2525 et
841 2467 1031 2525 structuram
1053 2481 1182 2547 prorsus
1212 2484 1315 2549 super-

283 2587 437 2641 vacanea,
461 2584 564 2648 neque
582 2562 623 2627 ad
641 2573 776 2628 metrum
795 2562 986 2641 necessaria,
1007 2563 1126 2629 sivero
1145 2575 1222 2630 sunt
1237 2586 1314 2650 quae

282 2667 349 2731 dixi
366 2667 407 2732 ad
424 2665 510 2731 Plut.
527 2663 603 2730 422.

737 2817 787 2874 Vs.
806 2816 865 2872 188.

390 2920 393 2924 ’
412 2920 460 3001 εἰς
479 2917 610 3002 άσπίδ),
632 2916 747 3007 ὥσπερ
766 2924 869 3009 φασλν
887 2920 1053 3005 Αἰσχύλος
1070 2928 1163 3003 ποτέ,

410 3025 701 3117 μηλοσφαγούσας.

345 3145 397 3211 Ita
422 3145 501 3211 haec
526 3168 599 3211 cum
626 3145 789 3211 Brunckio
816 3144 916 3223 edidi,
943 3145 1015 3211 libri
1041 3147 1073 3212 in
1094 3146 1212 3232 quibus
1233 3148 1310 3215 Rev.

280 3249 395 3335 partim
413 3244 493 3337 φάά
510 3246 543 3316 ἰν
556 3248 722 3335 Αἰσχύλῳ,
741 3247 854 3335 partim
873 3257 908 3313 ut
924 3247 1007 3316 Ven.
1024 3252 1127 3337 φασὶν
1139 3251 1309 3336 Αἰσχύλος.

279 3352 343 3419 Pro
362 3354 464 3441 φασὶν
481 3351 521 3418 Β.
540 3351 636 3418 habet
653 3355 764 3439 φησίν.
804 3349 940 3417 Rectum
958 3361 990 3418 et
1007 3364 1042 3417 ut
1058 3353 1136 3419 nihil
1154 3355 1310 3422 desideres

279 3459 364 3522 esset
386 3455 447 3522 hoc
469 3451 515 3534 ὡς
538 3452 692 3542 ἐποίησεν
714 3453 880 3537 Αἰσχύλος
902 3458 1000 3535 ποτέ,
1029 3455 1119 3521 cuius
1142 3458 1309 3545 scripturae

280 3558 416 3645 vestigia
433 3558 510 3623 mihi
527 3558 560 3624 in
577 3557 709 3624 lectione
724 3556 764 3623 R.
779 3567 810 3622 et
823 3557 862 3622 Β.
882 3553 963 3644 φάά
980 3555 1013 3625 ἒν
1027 3561 1171 3646 storacis
1186 3582 1308 3628 cernere

280 3660 399 3727 videor.

729 3811 779 3867 Vs.
798 3811 857 3866 189.
891 3877 893 3880 ¹

663 3913 708 4003 μὴ
729 3914 767 3984 σύ
785 3905 857 4002 χ’,αἰ
876 3919 1088 4006 Λυσιστράτη

444 4016 491 4096 εἰς
508 4014 626 4085 ἀσπίδ’
644 4015 771 4106 ὀμόσῃς
787 4020 888 4106 μηδὲν
907 4020 1034 4108 εἰρήνης
1051 4025 1139 4110 πέρι.

343 4137 444 4204 Paulo
471 4138 656 4205 insolentius
683 4138 810 4224 quidem
838 4141 957 4207 dictum
984 4152 1034 4208 est
1055 4141 1103 4221 εἰς
1128 4139 1256 4211 άσπίδοι
1276 4168 1307 4210 τι

278 4238 415 4327 ὀμνύναι
420 4292 429 4323 ,
441 4263 511 4308 nec
529 4255 634 4308 tamen
651 4243 722 4308 ideo
740 4242 825 4308 hunc
843 4266 970 4309 versum
988 4268 1059 4311 cum
1078 4245 1259 4313 Hamakero
1275 4246 1305 4311 in
