<?xml version="1.0" encoding="UTF-8"?>
<!DOCTYPE html PUBLIC "-//W3C//DTD XHTML 1.0 Transitional//EN"
    "http://www.w3.org/TR/xhtml1/DTD/xhtml1-transitional.dtd">
<html xmlns="http://www.w3.org/1999/xhtml" xml:lang="en" lang="en">
 <head>
  <title>
</title>
<meta http-equiv="Content-Type" content="text/html;charset=utf-8" />
  <meta name='ocr-system' content='tesseract 3.04.00' />
  <meta name='ocr-capabilities' content='ocr_page ocr_carea ocr_par ocr_line ocrx_word'/>
</head>
<body>
  <div class='ocr_page' id='page_1' title='image "./vindiciarumaris00meingoog_0211.png"; bbox 0 0 2859 4909; ppageno 0'>
   <div class='ocr_carea' id='block_1_1' title="bbox 437 427 810 487">
    <p class='ocr_par' dir='ltr' id='par_1_1' title="bbox 437 427 810 487">
     <span class='ocr_line' id='line_1_1' title="bbox 437 427 810 487; baseline 0 -4"><span class='ocrx_word' id='word_1_1' title='bbox 437 427 810 487; x_wconf 81' lang='lat' dir='ltr'><strong>ECCLESIAZUSAE.</strong></span> 
     </span>
    </p>
   </div>
   <div class='ocr_carea' id='block_1_2' title="bbox 109 568 1146 2340">
    <p class='ocr_par' dir='ltr' id='par_1_2' title="bbox 203 568 1039 763">
     <span class='ocr_line' id='line_1_2' title="bbox 559 568 688 623; baseline -0.008 0"><span class='ocrx_word' id='word_1_2' title='bbox 559 568 609 623; x_wconf 82' lang='lat' dir='ltr'>Vs.</span> <span class='ocrx_word' id='word_1_3' title='bbox 628 569 688 622; x_wconf 88' lang='grc'><strong>406.</strong></span> 
     </span>
     <span class='ocr_line' id='line_1_3' title="bbox 203 670 1039 763; baseline -0.001 -23"><span class='ocrx_word' id='word_1_4' title='bbox 203 678 326 740; x_wconf 81' lang='grc' dir='ltr'>σαυτοῦ</span> <span class='ocrx_word' id='word_1_5' title='bbox 345 674 564 761; x_wconf 81' lang='grc' dir='ltr'><em>παραλείφειν</em></span> <span class='ocrx_word' id='word_1_6' title='bbox 582 670 623 739; x_wconf 82' lang='grc' dir='ltr'><strong><em>τὰ</em></strong></span> <span class='ocrx_word' id='word_1_7' title='bbox 640 675 793 763; x_wconf 76' lang='grc' dir='ltr'><strong><em>βλέφαρα</em></strong></span> <span class='ocrx_word' id='word_1_8' title='bbox 811 680 869 762; x_wconf 77' lang='grc' dir='ltr'><strong><em>τῆς</em></strong></span> <span class='ocrx_word' id='word_1_9' title='bbox 887 672 1039 762; x_wconf 78' lang='grc' dir='ltr'><strong><em>ἑσπέρας.</em></strong></span> 
     </span>
    </p>

    <p class='ocr_par' dir='ltr' id='par_1_3' title="bbox 109 776 1146 1484">
     <span class='ocr_line' id='line_1_4' title="bbox 171 776 1143 866; baseline 0.002 -22"><span class='ocrx_word' id='word_1_10' title='bbox 171 776 316 844; x_wconf 86' lang='lat' dir='ltr'>Verbum</span> <span class='ocrx_word' id='word_1_11' title='bbox 346 778 566 866; x_wconf 81' lang='grc' dir='ltr'><strong><em>παραλείφειν</em></strong></span> <span class='ocrx_word' id='word_1_12' title='bbox 596 777 708 842; x_wconf 88' lang='lat' dir='ltr'>merito</span> <span class='ocrx_word' id='word_1_13' title='bbox 741 778 934 865; x_wconf 81' lang='lat' dir='ltr'>suspectavit</span> <span class='ocrx_word' id='word_1_14' title='bbox 962 778 1143 859; x_wconf 87' lang='lat' dir='ltr'>Dobraeus,</span> 
     </span>
     <span class='ocr_line' id='line_1_5' title="bbox 109 879 1144 970; baseline 0.005 -26"><span class='ocrx_word' id='word_1_15' title='bbox 109 879 188 946; x_wconf 79' lang='lat' dir='ltr'>duas</span> <span class='ocrx_word' id='word_1_16' title='bbox 205 879 258 945; x_wconf 88' lang='lat' dir='ltr'>ille</span> <span class='ocrx_word' id='word_1_17' title='bbox 276 880 474 946; x_wconf 78' lang='lat' dir='ltr'>coniecturas</span> <span class='ocrx_word' id='word_1_18' title='bbox 497 880 646 960; x_wconf 86' lang='lat' dir='ltr'>afferens,</span> <span class='ocrx_word' id='word_1_19' title='bbox 672 886 796 947; x_wconf 83' lang='grc' dir='ltr'><em>σαυτοῦ</em></span> <span class='ocrx_word' id='word_1_20' title='bbox 819 882 1048 970; x_wconf 79' lang='grc' dir='ltr'><strong><em>περιαλείφειν</em></strong></span> <span class='ocrx_word' id='word_1_21' title='bbox 1068 885 1144 967; x_wconf 79' lang='grc' dir='ltr'><strong><em>βλέ-</em></strong></span> 
     </span>
     <span class='ocr_line' id='line_1_6' title="bbox 110 980 1145 1074; baseline 0.004 -26"><span class='ocrx_word' id='word_1_22' title='bbox 110 1006 201 1070; x_wconf 93' lang='grc' dir='ltr'><strong><em>φαρα</em></strong></span> <span class='ocrx_word' id='word_1_23' title='bbox 222 988 280 1071; x_wconf 83' lang='grc' dir='ltr'><strong><em>τῆς</em></strong></span> <span class='ocrx_word' id='word_1_24' title='bbox 309 981 466 1069; x_wconf 74' lang='grc' dir='ltr'><strong><em>ἑσπέρας,</em></strong></span> <span class='ocrx_word' id='word_1_25' title='bbox 490 983 620 1049; x_wconf 83' lang='lat' dir='ltr'>alteram</span> <span class='ocrx_word' id='word_1_26' title='bbox 642 980 685 1050; x_wconf 84' lang='grc' dir='ltr'><strong><em>τὰ</em></strong></span> <span class='ocrx_word' id='word_1_27' title='bbox 706 986 860 1073; x_wconf 77' lang='grc' dir='ltr'><strong><em>βλέφαρα</em></strong></span> <span class='ocrx_word' id='word_1_28' title='bbox 883 991 1007 1051; x_wconf 83' lang='grc' dir='ltr'><strong><em>σαυτοῦ</em></strong></span> <span class='ocrx_word' id='word_1_29' title='bbox 1025 1009 1145 1074; x_wconf 89' lang='grc' dir='ltr'><strong><em>περια-</em></strong></span> 
     </span>
     <span class='ocr_line' id='line_1_7' title="bbox 110 1084 1145 1174; baseline 0.005 -23"><span class='ocrx_word' id='word_1_30' title='bbox 110 1086 234 1174; x_wconf 89' lang='grc' dir='ltr'><strong><em>λείφειν</em></strong></span> <span class='ocrx_word' id='word_1_31' title='bbox 257 1084 415 1174; x_wconf 76' lang='grc' dir='ltr'><strong><em>ἑσπέρας,</em></strong></span> <span class='ocrx_word' id='word_1_32' title='bbox 439 1109 573 1170; x_wconf 82' lang='lat' dir='ltr'>quarum</span> <span class='ocrx_word' id='word_1_33' title='bbox 600 1086 693 1165; x_wconf 79' lang='lat' dir='ltr'>haee,</span> <span class='ocrx_word' id='word_1_34' title='bbox 721 1088 781 1153; x_wconf 88' lang='lat' dir='ltr'>etsi</span> <span class='ocrx_word' id='word_1_35' title='bbox 807 1086 1009 1174; x_wconf 80' lang='lat' dir='ltr'>perelegans,</span> <span class='ocrx_word' id='word_1_36' title='bbox 1038 1099 1145 1156; x_wconf 84' lang='lat' dir='ltr'>tamen</span> 
     </span>
     <span class='ocr_line' id='line_1_8' title="bbox 110 1189 1146 1276; baseline 0.004 -22"><span class='ocrx_word' id='word_1_37' title='bbox 110 1200 236 1276; x_wconf 85' lang='lat' dir='ltr'>propter</span> <span class='ocrx_word' id='word_1_38' title='bbox 244 1190 428 1255; x_wconf 86' lang='lat' dir='ltr'>mutationis</span> <span class='ocrx_word' id='word_1_39' title='bbox 439 1189 605 1255; x_wconf 80' lang='lat' dir='ltr'><strong>audaciam</strong></span> <span class='ocrx_word' id='word_1_40' title='bbox 614 1213 726 1275; x_wconf 90' lang='lat' dir='ltr'>parum</span> <span class='ocrx_word' id='word_1_41' title='bbox 735 1190 907 1275; x_wconf 85' lang='lat' dir='ltr'>probabilis</span> <span class='ocrx_word' id='word_1_42' title='bbox 917 1200 976 1256; x_wconf 82' lang='lat' dir='ltr'>est</span> <span class='ocrx_word' id='word_1_43' title='bbox 995 1192 1146 1258; x_wconf 82' lang='lat' dir='ltr'>Fortasse</span> 
     </span>
     <span class='ocr_line' id='line_1_9' title="bbox 111 1290 1146 1381; baseline 0.002 -22"><span class='ocrx_word' id='word_1_44' title='bbox 111 1294 329 1381; x_wconf 82' lang='grc' dir='ltr'><strong><em>παραλείφειν</em></strong></span> <span class='ocrx_word' id='word_1_45' title='bbox 356 1290 517 1379; x_wconf 79' lang='lat' dir='ltr'>glossema</span> <span class='ocrx_word' id='word_1_46' title='bbox 544 1303 592 1357; x_wconf 90' lang='lat' dir='ltr'>est</span> <span class='ocrx_word' id='word_1_47' title='bbox 620 1293 807 1379; x_wconf 84' lang='lat' dir='ltr'>irrepsitque</span> <span class='ocrx_word' id='word_1_48' title='bbox 833 1294 866 1358; x_wconf 91' lang='lat' dir='ltr'>in</span> <span class='ocrx_word' id='word_1_49' title='bbox 893 1292 999 1359; x_wconf 85' lang='lat' dir='ltr'>locum</span> <span class='ocrx_word' id='word_1_50' title='bbox 1017 1297 1146 1381; x_wconf 87' lang='lat' dir='ltr'>genuini</span> 
     </span>
     <span class='ocr_line' id='line_1_10' title="bbox 111 1396 1088 1484; baseline 0.002 -23"><span class='ocrx_word' id='word_1_51' title='bbox 111 1401 305 1484; x_wconf 83' lang='grc' dir='ltr'><strong><em>περιχρίειν,·</em></strong></span> <span class='ocrx_word' id='word_1_52' title='bbox 323 1406 429 1483; x_wconf 89' lang='lat' dir='ltr'>potest</span> <span class='ocrx_word' id='word_1_53' title='bbox 446 1418 522 1461; x_wconf 85' lang='lat' dir='ltr'>vero</span> <span class='ocrx_word' id='word_1_54' title='bbox 540 1396 635 1461; x_wconf 86' lang='lat' dir='ltr'>etiam</span> <span class='ocrx_word' id='word_1_55' title='bbox 654 1402 714 1462; x_wconf 84' lang='grc' dir='ltr'>σοῦ</span> <span class='ocrx_word' id='word_1_56' title='bbox 733 1398 961 1484; x_wconf 88' lang='grc' dir='ltr'><strong><em>περιαλείφειν</em></strong></span> <span class='ocrx_word' id='word_1_57' title='bbox 978 1398 1088 1464; x_wconf 83' lang='lat' dir='ltr'>conici.</span> 
     </span>
    </p>

    <p class='ocr_par' dir='ltr' id='par_1_4' title="bbox 207 1530 1037 1818">
     <span class='ocr_line' id='line_1_11' title="bbox 561 1530 690 1585; baseline -0.016 0"><span class='ocrx_word' id='word_1_58' title='bbox 561 1530 611 1585; x_wconf 82' lang='lat' dir='ltr'>Vs.</span> <span class='ocrx_word' id='word_1_59' title='bbox 630 1532 690 1585; x_wconf 75' lang='lat'>455.</span> 
     </span>
     <span class='ocr_line' id='line_1_12' title="bbox 208 1631 1037 1724; baseline 0.001 -22"><span class='ocrx_word' id='word_1_60' title='bbox 208 1641 242 1702; x_wconf 92' lang='grc' dir='ltr'><strong><em>τί</em></strong></span> <span class='ocrx_word' id='word_1_61' title='bbox 260 1631 329 1722; x_wconf 73' lang='grc' dir='ltr'><strong><em>δῆτ’</em></strong></span> <span class='ocrx_word' id='word_1_62' title='bbox 346 1635 472 1717; x_wconf 73' lang='grc' dir='ltr'><strong><em>ὲίλοξεν;</em></strong></span> <span class='ocrx_word' id='word_1_63' title='bbox 506 1644 574 1701; x_wconf 85' lang='grc' dir='ltr'>ΧΡ.</span> <span class='ocrx_word' id='word_1_64' title='bbox 599 1633 789 1722; x_wconf 80' lang='grc' dir='ltr'><strong><em>ἐπιτρέπειν</em></strong></span> <span class='ocrx_word' id='word_1_65' title='bbox 809 1660 846 1703; x_wconf 91' lang='grc' dir='ltr'><strong><em>οε</em></strong></span> <span class='ocrx_word' id='word_1_66' title='bbox 863 1633 920 1724; x_wconf 79' lang='grc' dir='ltr'><strong><em>τὴν</em></strong></span> <span class='ocrx_word' id='word_1_67' title='bbox 938 1637 1037 1704; x_wconf 88' lang='grc' dir='ltr'><strong><em>πόλιν</em></strong></span> 
     </span>
     <span class='ocr_line' id='line_1_13' title="bbox 207 1739 941 1818; baseline 0.001 -13"><span class='ocrx_word' id='word_1_68' title='bbox 207 1739 354 1818; x_wconf 81' lang='grc' dir='ltr'><strong><em>ταύταις.</em></strong></span> <span class='ocrx_word' id='word_1_69' title='bbox 937 1790 941 1798; x_wconf 84' lang='grc'><strong><em>.</em></strong></span> 
     </span>
    </p>

    <p class='ocr_par' dir='ltr' id='par_1_5' title="bbox 112 1840 1146 2340">
     <span class='ocr_line' id='line_1_14' title="bbox 173 1840 1145 1928; baseline 0.005 -22"><span class='ocrx_word' id='word_1_70' title='bbox 173 1842 224 1907; x_wconf 86' lang='lat' dir='ltr'>Ita</span> <span class='ocrx_word' id='word_1_71' title='bbox 241 1842 366 1908; x_wconf 82' lang='lat' dir='ltr'>codices</span> <span class='ocrx_word' id='word_1_72' title='bbox 379 1854 504 1928; x_wconf 86' lang='lat' dir='ltr'>praeter</span> <span class='ocrx_word' id='word_1_73' title='bbox 516 1841 555 1906; x_wconf 91' lang='grc' dir='ltr'>Β.</span> <span class='ocrx_word' id='word_1_74' title='bbox 570 1842 625 1925; x_wconf 89' lang='lat' dir='ltr'>qui</span> <span class='ocrx_word' id='word_1_75' title='bbox 638 1865 674 1927; x_wconf 81' lang='grc' dir='ltr'><strong><em>γε</em></strong></span> <span class='ocrx_word' id='word_1_76' title='bbox 687 1840 784 1907; x_wconf 90' lang='lat' dir='ltr'>habet</span> <span class='ocrx_word' id='word_1_77' title='bbox 801 1866 858 1928; x_wconf 90' lang='lat' dir='ltr'>pro</span> <span class='ocrx_word' id='word_1_78' title='bbox 877 1866 923 1921; x_wconf 92' lang='grc' dir='ltr'><strong><em>σε,</em></strong></span> <span class='ocrx_word' id='word_1_79' title='bbox 943 1843 1145 1912; x_wconf 87' lang='lat' dir='ltr'>aDindorfio</span> 
     </span>
     <span class='ocr_line' id='line_1_15' title="bbox 112 1944 1145 2030; baseline 0.003 -19"><span class='ocrx_word' id='word_1_80' title='bbox 112 1944 290 2030; x_wconf 85' lang='lat' dir='ltr'>probatum,</span> <span class='ocrx_word' id='word_1_81' title='bbox 318 1968 453 2030; x_wconf 91' lang='lat' dir='ltr'>quornm</span> <span class='ocrx_word' id='word_1_82' title='bbox 479 1955 626 2010; x_wconf 88' lang='lat' dir='ltr'>neutrum</span> <span class='ocrx_word' id='word_1_83' title='bbox 653 1967 726 2009; x_wconf 86' lang='lat' dir='ltr'>oum</span> <span class='ocrx_word' id='word_1_84' title='bbox 749 1947 826 2011; x_wconf 84' lang='lat' dir='ltr'>satis</span> <span class='ocrx_word' id='word_1_85' title='bbox 849 1946 1051 2012; x_wconf 83' lang='lat' dir='ltr'>commodum</span> <span class='ocrx_word' id='word_1_86' title='bbox 1074 1970 1145 2014; x_wconf 88' lang='lat' dir='ltr'>esse</span> 
     </span>
     <span class='ocr_line' id='line_1_16' title="bbox 112 2046 1145 2136; baseline 0.003 -23"><span class='ocrx_word' id='word_1_87' title='bbox 112 2048 280 2126; x_wconf 86' lang='lat' dir='ltr'>videretur,</span> <span class='ocrx_word' id='word_1_88' title='bbox 300 2071 361 2135; x_wconf 92' lang='lat' dir='ltr'>ego</span> <span class='ocrx_word' id='word_1_89' title='bbox 379 2048 548 2132; x_wconf 82' lang='lat' dir='ltr'>aliquando</span> <span class='ocrx_word' id='word_1_90' title='bbox 566 2046 766 2113; x_wconf 80' lang='lat' dir='ltr'>scribendum</span> <span class='ocrx_word' id='word_1_91' title='bbox 784 2048 936 2134; x_wconf 86' lang='lat' dir='ltr'>putabam</span> <span class='ocrx_word' id='word_1_92' title='bbox 955 2046 1145 2136; x_wconf 69' lang='lat' dir='ltr'>incaptum</span> 
     </span>
     <span class='ocr_line' id='line_1_17' title="bbox 114 2149 1146 2231; baseline 0.003 -16"><span class='ocrx_word' id='word_1_93' title='bbox 114 2174 149 2216; x_wconf 91' lang='grc' dir='ltr'><strong><em>σε</em></strong></span> <span class='ocrx_word' id='word_1_94' title='bbox 174 2150 241 2217; x_wconf 80' lang='grc' dir='ltr'><strong><em>δεῖν</em></strong></span> <span class='ocrx_word' id='word_1_95' title='bbox 267 2151 381 2231; x_wconf 88' lang='grc' dir='ltr'><strong><em>πόλιν,</em></strong></span> <span class='ocrx_word' id='word_1_96' title='bbox 419 2152 471 2217; x_wconf 84' lang='lat' dir='ltr'>oui</span> <span class='ocrx_word' id='word_1_97' title='bbox 498 2151 609 2217; x_wconf 89' lang='lat' dir='ltr'>similis</span> <span class='ocrx_word' id='word_1_98' title='bbox 640 2164 689 2216; x_wconf 87' lang='lat' dir='ltr'>est</span> <span class='ocrx_word' id='word_1_99' title='bbox 720 2150 835 2217; x_wconf 86' lang='lat' dir='ltr'>Cobeti</span> <span class='ocrx_word' id='word_1_100' title='bbox 866 2152 1046 2217; x_wconf 87' lang='lat' dir='ltr'>coniectura</span> <span class='ocrx_word' id='word_1_101' title='bbox 1073 2149 1146 2218; x_wconf 75' lang='grc' dir='ltr'><strong><em>ἐπι-</em></strong></span> 
     </span>
     <span class='ocr_line' id='line_1_18' title="bbox 113 2250 530 2340; baseline 0.007 -23"><span class='ocrx_word' id='word_1_102' title='bbox 113 2258 239 2340; x_wconf 84' lang='grc' dir='ltr'><strong><em>τρέπειν</em></strong></span> <span class='ocrx_word' id='word_1_103' title='bbox 258 2254 327 2321; x_wconf 82' lang='grc' dir='ltr'><strong><em>δεῖν</em></strong></span> <span class='ocrx_word' id='word_1_104' title='bbox 344 2250 403 2320; x_wconf 70' lang='grc' dir='ltr'><strong><em>τὶν</em></strong></span> <span class='ocrx_word' id='word_1_105' title='bbox 421 2255 530 2321; x_wconf 84' lang='grc' dir='ltr'><strong><em>πόλιν.</em></strong></span> 
     </span>
    </p>
   </div>
   <div class='ocr_carea' id='block_1_3' title="bbox 560 2390 689 2445">
    <p class='ocr_par' dir='ltr' id='par_1_6' title="bbox 560 2390 689 2445">
     <span class='ocr_line' id='line_1_19' title="bbox 560 2390 689 2445; baseline -0.016 0"><span class='ocrx_word' id='word_1_106' title='bbox 560 2390 610 2445; x_wconf 82' lang='lat' dir='ltr'>Vs.</span> <span class='ocrx_word' id='word_1_107' title='bbox 629 2390 689 2444; x_wconf 81' lang='lat'>458.</span> 
     </span>
    </p>
   </div>
   <div class='ocr_carea' id='block_1_4' title="bbox 116 2489 1146 3199">
    <p class='ocr_par' dir='ltr' id='par_1_7' title="bbox 276 2489 970 2682">
     <span class='ocr_line' id='line_1_20' title="bbox 276 2489 970 2584; baseline -0.006 -23"><span class='ocrx_word' id='word_1_108' title='bbox 276 2489 394 2561; x_wconf 71' lang='grc' dir='ltr'><strong><em>ἅπαντ’</em></strong></span> <span class='ocrx_word' id='word_1_109' title='bbox 412 2491 462 2584; x_wconf 74' lang='grc' dir='ltr'>ἄρ’</span> <span class='ocrx_word' id='word_1_110' title='bbox 479 2490 595 2574; x_wconf 75' lang='grc' dir='ltr'><strong><em>αὐταῖς</em></strong></span> <span class='ocrx_word' id='word_1_111' title='bbox 614 2494 684 2561; x_wconf 73' lang='grc' dir='ltr'><strong><em>ἐστι</em></strong></span> <span class='ocrx_word' id='word_1_112' title='bbox 701 2497 970 2581; x_wconf 74' lang='grc' dir='ltr'><strong><em>προστεταγμένα</em></strong></span> 
     </span>
     <span class='ocr_line' id='line_1_21' title="bbox 278 2594 704 2682; baseline 0 -19"><span class='ocrx_word' id='word_1_113' title='bbox 278 2597 425 2665; x_wconf 83' lang='grc' dir='ltr'><strong><em>ἃτοῖσιν</em></strong></span> <span class='ocrx_word' id='word_1_114' title='bbox 444 2594 558 2677; x_wconf 81' lang='grc' dir='ltr'><strong><em>ἀστοῖς</em></strong></span> <span class='ocrx_word' id='word_1_115' title='bbox 578 2596 704 2682; x_wconf 81' lang='grc' dir='ltr'><strong><em>ἐ’μελεν,·</em></strong></span> 
     </span>
    </p>

    <p class='ocr_par' dir='ltr' id='par_1_8' title="bbox 116 2695 1146 3199">
     <span class='ocr_line' id='line_1_22' title="bbox 173 2695 1146 2788; baseline 0.002 -23"><span class='ocrx_word' id='word_1_116' title='bbox 173 2701 358 2788; x_wconf 88' lang='lat' dir='ltr'>Legebatur</span> <span class='ocrx_word' id='word_1_117' title='bbox 384 2695 517 2767; x_wconf 78' lang='grc' dir='ltr'><strong><em>ἅπαντα</em></strong></span> <span class='ocrx_word' id='word_1_118' title='bbox 547 2695 578 2767; x_wconf 78' lang='grc' dir='ltr'><strong><em>τ’</em></strong></span> <span class='ocrx_word' id='word_1_119' title='bbox 603 2695 669 2787; x_wconf 73' lang='grc' dir='ltr'>ἄρ’,</span> <span class='ocrx_word' id='word_1_120' title='bbox 705 2700 791 2784; x_wconf 92' lang='lat' dir='ltr'>quod</span> <span class='ocrx_word' id='word_1_121' title='bbox 817 2711 901 2766; x_wconf 88' lang='lat' dir='ltr'>recte</span> <span class='ocrx_word' id='word_1_122' title='bbox 932 2698 1019 2765; x_wconf 90' lang='lat' dir='ltr'>haud</span> <span class='ocrx_word' id='word_1_123' title='bbox 1050 2700 1146 2767; x_wconf 86' lang='lat' dir='ltr'>dubie</span> 
     </span>
     <span class='ocr_line' id='line_1_23' title="bbox 116 2798 1143 2888; baseline 0.002 -20"><span class='ocrx_word' id='word_1_124' title='bbox 116 2804 288 2870; x_wconf 88' lang='lat' dir='ltr'>emendavit</span> <span class='ocrx_word' id='word_1_125' title='bbox 299 2803 452 2870; x_wconf 86' lang='lat' dir='ltr'>Cobetus.</span> <span class='ocrx_word' id='word_1_126' title='bbox 479 2803 544 2869; x_wconf 87' lang='lat' dir='ltr'>Pro</span> <span class='ocrx_word' id='word_1_127' title='bbox 554 2800 672 2881; x_wconf 82' lang='grc' dir='ltr'><strong><em>αὐτοῖς</em></strong></span> <span class='ocrx_word' id='word_1_128' title='bbox 685 2803 885 2869; x_wconf 87' lang='lat' dir='ltr'>scribendum</span> <span class='ocrx_word' id='word_1_129' title='bbox 896 2813 1005 2888; x_wconf 86' lang='lat' dir='ltr'>putem</span> <span class='ocrx_word' id='word_1_130' title='bbox 1013 2798 1143 2884; x_wconf 72' lang='grc' dir='ltr'><strong><em>ἀσταῖς,</em></strong></span> 
     </span>
     <span class='ocr_line' id='line_1_24' title="bbox 116 2905 1143 2994; baseline 0.001 -23"><span class='ocrx_word' id='word_1_131' title='bbox 116 2908 194 2990; x_wconf 92' lang='lat' dir='ltr'>quod</span> <span class='ocrx_word' id='word_1_132' title='bbox 216 2909 381 2992; x_wconf 87' lang='lat' dir='ltr'>sequentia</span> <span class='ocrx_word' id='word_1_133' title='bbox 402 2907 469 2989; x_wconf 79' lang='lat' dir='ltr'>fere</span> <span class='ocrx_word' id='word_1_134' title='bbox 491 2907 644 2994; x_wconf 84' lang='lat' dir='ltr'>flagitant.</span> <span class='ocrx_word' id='word_1_135' title='bbox 688 2905 853 2972; x_wconf 82' lang='lat' dir='ltr'>Articulus</span> <span class='ocrx_word' id='word_1_136' title='bbox 875 2916 960 2971; x_wconf 85' lang='lat' dir='ltr'>reete</span> <span class='ocrx_word' id='word_1_137' title='bbox 983 2908 1143 2986; x_wconf 87' lang='lat' dir='ltr'>omittitur,</span> 
     </span>
     <span class='ocr_line' id='line_1_25' title="bbox 116 3008 1146 3097; baseline 0.002 -25"><span class='ocrx_word' id='word_1_138' title='bbox 116 3011 193 3075; x_wconf 89' lang='lat' dir='ltr'>utin</span> <span class='ocrx_word' id='word_1_139' title='bbox 210 3021 320 3076; x_wconf 84' lang='lat' dir='ltr'>nostra</span> <span class='ocrx_word' id='word_1_140' title='bbox 336 3011 459 3097; x_wconf 86' lang='lat' dir='ltr'>lingua:</span> <span class='ocrx_word' id='word_1_141' title='bbox 478 3009 746 3096; x_wconf 87' lang='lat' dir='ltr'>Biirgerinnen</span> <span class='ocrx_word' id='word_1_142' title='bbox 764 3008 886 3074; x_wconf 88' lang='lat' dir='ltr'>sollen</span> <span class='ocrx_word' id='word_1_143' title='bbox 905 3009 984 3075; x_wconf 89' lang='lat' dir='ltr'>also</span> <span class='ocrx_word' id='word_1_144' title='bbox 1003 3010 1146 3076; x_wconf 83' lang='lat' dir='ltr'>hinfort</span> 
     </span>
     <span class='ocr_line' id='line_1_26' title="bbox 117 3111 1118 3199; baseline 0 -23"><span class='ocrx_word' id='word_1_145' title='bbox 117 3111 203 3179; x_wconf 85' lang='lat' dir='ltr'>alles</span> <span class='ocrx_word' id='word_1_146' title='bbox 221 3113 454 3191; x_wconf 85' lang='lat' dir='ltr'>verriohten‚</span> <span class='ocrx_word' id='word_1_147' title='bbox 473 3112 540 3178; x_wconf 89' lang='lat' dir='ltr'>das</span> <span class='ocrx_word' id='word_1_148' title='bbox 560 3112 688 3178; x_wconf 84' lang='lat' dir='ltr'>bisher</span> <span class='ocrx_word' id='word_1_149' title='bbox 706 3112 777 3177; x_wconf 91' lang='lat' dir='ltr'>den</span> <span class='ocrx_word' id='word_1_150' title='bbox 794 3111 968 3198; x_wconf 89' lang='lat' dir='ltr'>Biirgern</span> <span class='ocrx_word' id='word_1_151' title='bbox 987 3112 1118 3199; x_wconf 81' lang='lat' dir='ltr'>oblag?</span> 
     </span>
    </p>
   </div>
   <div class='ocr_carea' id='block_1_5' title="bbox 561 3246 690 3302">
    <p class='ocr_par' dir='ltr' id='par_1_9' title="bbox 561 3246 690 3302">
     <span class='ocr_line' id='line_1_27' title="bbox 561 3246 690 3302; baseline -0.023 0"><span class='ocrx_word' id='word_1_152' title='bbox 561 3246 611 3302; x_wconf 87' lang='lat' dir='ltr'>Vs.</span> <span class='ocrx_word' id='word_1_153' title='bbox 629 3247 690 3301; x_wconf 80' lang='lat'>465.</span> 
     </span>
    </p>
   </div>
   <div class='ocr_carea' id='block_1_6' title="bbox 112 3347 1146 4262">
    <p class='ocr_par' dir='ltr' id='par_1_10' title="bbox 324 3347 910 3438">
     <span class='ocr_line' id='line_1_28' title="bbox 324 3347 910 3438; baseline -0.003 -20"><span class='ocrx_word' id='word_1_154' title='bbox 324 3350 427 3419; x_wconf 73' lang='grc' dir='ltr'><strong><em>ἐκεῖνο</em></strong></span> <span class='ocrx_word' id='word_1_155' title='bbox 446 3349 552 3418; x_wconf 80' lang='grc' dir='ltr'><strong><em>δεινὸν</em></strong></span> <span class='ocrx_word' id='word_1_156' title='bbox 569 3364 676 3418; x_wconf 89' lang='grc' dir='ltr'><strong><em>τοῖσιν</em></strong></span> <span class='ocrx_word' id='word_1_157' title='bbox 694 3347 836 3438; x_wconf 77' lang='grc' dir='ltr'><strong><em>ἡλίκοισι</em></strong></span> <span class='ocrx_word' id='word_1_158' title='bbox 855 3349 910 3417; x_wconf 82' lang='lat' dir='ltr'>vai.</span> 
     </span>
    </p>

    <p class='ocr_par' dir='ltr' id='par_1_11' title="bbox 112 3452 1146 4262">
     <span class='ocr_line' id='line_1_29' title="bbox 172 3452 1146 3533; baseline 0 -12"><span class='ocrx_word' id='word_1_159' title='bbox 172 3455 304 3522; x_wconf 83' lang='lat' dir='ltr'>Excidit</span> <span class='ocrx_word' id='word_1_160' title='bbox 326 3467 398 3522; x_wconf 86' lang='lat' dir='ltr'>ante</span> <span class='ocrx_word' id='word_1_161' title='bbox 420 3455 499 3520; x_wconf 84' lang='lat' dir='ltr'>haec</span> <span class='ocrx_word' id='word_1_162' title='bbox 524 3477 651 3533; x_wconf 85' lang='lat' dir='ltr'>versus,</span> <span class='ocrx_word' id='word_1_163' title='bbox 679 3454 770 3520; x_wconf 85' lang='lat' dir='ltr'>euius</span> <span class='ocrx_word' id='word_1_164' title='bbox 795 3454 875 3520; x_wconf 82' lang='lat' dir='ltr'>haee</span> <span class='ocrx_word' id='word_1_165' title='bbox 900 3452 967 3519; x_wconf 84' lang='lat' dir='ltr'>fere</span> <span class='ocrx_word' id='word_1_166' title='bbox 991 3455 1146 3521; x_wconf 86' lang='lat' dir='ltr'>sententia</span> 
     </span>
     <span class='ocr_line' id='line_1_30' title="bbox 113 3557 1144 3637; baseline 0.003 -15"><span class='ocrx_word' id='word_1_167' title='bbox 113 3558 215 3625; x_wconf 89' lang='lat' dir='ltr'>fuerit:</span> <span class='ocrx_word' id='word_1_168' title='bbox 235 3558 315 3625; x_wconf 84' lang='lat' dir='ltr'>haec</span> <span class='ocrx_word' id='word_1_169' title='bbox 333 3581 410 3625; x_wconf 82' lang='lat' dir='ltr'>sane</span> <span class='ocrx_word' id='word_1_170' title='bbox 429 3571 463 3623; x_wconf 89' lang='lat' dir='ltr'>tu</span> <span class='ocrx_word' id='word_1_171' title='bbox 482 3558 561 3624; x_wconf 89' lang='lat' dir='ltr'>bene</span> <span class='ocrx_word' id='word_1_172' title='bbox 579 3557 753 3635; x_wconf 84' lang='lat' dir='ltr'>instituisti,</span> <span class='ocrx_word' id='word_1_173' title='bbox 772 3567 892 3623; x_wconf 87' lang='lat' dir='ltr'>atvero</span> <span class='ocrx_word' id='word_1_174' title='bbox 908 3567 966 3623; x_wconf 87' lang='lat' dir='ltr'>ste.</span> <span class='ocrx_word' id='word_1_175' title='bbox 982 3557 1144 3637; x_wconf 77' lang='grc' dir='ltr'><strong><em>καλοῖςσὺ</em></strong></span> 
     </span>
     <span class='ocr_line' id='line_1_31' title="bbox 115 3658 1145 3749; baseline 0.001 -23"><span class='ocrx_word' id='word_1_176' title='bbox 115 3663 214 3730; x_wconf 82' lang='grc' dir='ltr'><strong><em>ταῦτά</em></strong></span> <span class='ocrx_word' id='word_1_177' title='bbox 232 3658 273 3749; x_wconf 74' lang='grc' dir='ltr'>γ’,</span> <span class='ocrx_word' id='word_1_178' title='bbox 299 3658 382 3728; x_wconf 78' lang='grc' dir='ltr'><strong><em>ἀλλὰ</em></strong></span> <span class='ocrx_word' id='word_1_179' title='bbox 400 3664 455 3729; x_wconf 87' lang='grc' dir='ltr'>ναὶ</span> <span class='ocrx_word' id='word_1_180' title='bbox 471 3659 519 3746; x_wconf 83' lang='grc' dir='ltr'>μὰ</span> <span class='ocrx_word' id='word_1_181' title='bbox 536 3658 592 3727; x_wconf 86' lang='grc' dir='ltr'><strong><em>τὸν</em></strong></span> <span class='ocrx_word' id='word_1_182' title='bbox 611 3666 676 3727; x_wconf 88' lang='grc' dir='ltr'>Δία</span> <span class='ocrx_word' id='word_1_183' title='bbox 695 3658 797 3727; x_wconf 77' lang='grc' dir='ltr'><strong><em>ἐκεῖνο</em></strong></span> <span class='ocrx_word' id='word_1_184' title='bbox 816 3686 844 3727; x_wconf 91' lang='grc' dir='ltr'>κ.</span> <span class='ocrx_word' id='word_1_185' title='bbox 862 3685 891 3727; x_wconf 93' lang='grc' dir='ltr'>τ.</span> <span class='ocrx_word' id='word_1_186' title='bbox 910 3662 939 3727; x_wconf 93' lang='grc' dir='ltr'>λ.</span> <span class='ocrx_word' id='word_1_187' title='bbox 985 3660 1069 3727; x_wconf 89' lang='lat' dir='ltr'>Tum</span> <span class='ocrx_word' id='word_1_188' title='bbox 1087 3685 1145 3747; x_wconf 90' lang='lat' dir='ltr'>pro</span> 
     </span>
     <span class='ocr_line' id='line_1_32' title="bbox 113 3756 1144 3854; baseline 0.002 -24"><span class='ocrx_word' id='word_1_189' title='bbox 113 3756 170 3852; x_wconf 77' lang='grc' dir='ltr'>νῷν</span> <span class='ocrx_word' id='word_1_190' title='bbox 198 3764 380 3854; x_wconf 65' lang='lat' dir='ltr'>scripsisti:</span> <span class='ocrx_word' id='word_1_191' title='bbox 402 3789 443 3831; x_wconf 87' lang='lat' dir='ltr'>ex</span> <span class='ocrx_word' id='word_1_192' title='bbox 465 3764 685 3831; x_wconf 84' lang='lat' dir='ltr'>emendatione</span> <span class='ocrx_word' id='word_1_193' title='bbox 706 3763 850 3830; x_wconf 83' lang='lat' dir='ltr'>Dobraei</span> <span class='ocrx_word' id='word_1_194' title='bbox 872 3764 914 3828; x_wconf 89' lang='lat' dir='ltr'>ad</span> <span class='ocrx_word' id='word_1_195' title='bbox 934 3762 1024 3829; x_wconf 86' lang='lat' dir='ltr'>Aves</span> <span class='ocrx_word' id='word_1_196' title='bbox 1049 3766 1144 3832; x_wconf 86' lang='grc'><strong>1008.</strong></span> 
     </span>
     <span class='ocr_line' id='line_1_33' title="bbox 115 3862 1146 3955; baseline 0.001 -20"><span class='ocrx_word' id='word_1_197' title='bbox 115 3866 226 3936; x_wconf 88' lang='lat' dir='ltr'>Statim</span> <span class='ocrx_word' id='word_1_198' title='bbox 251 3870 286 3935; x_wconf 92' lang='lat' dir='ltr'>in</span> <span class='ocrx_word' id='word_1_199' title='bbox 314 3868 493 3936; x_wconf 84' lang='lat' dir='ltr'>Chremetis</span> <span class='ocrx_word' id='word_1_200' title='bbox 519 3868 625 3934; x_wconf 85' lang='lat' dir='ltr'>verbis</span> <span class='ocrx_word' id='word_1_201' title='bbox 652 3868 727 3934; x_wconf 83' lang='lat'>468.</span> <span class='ocrx_word' id='word_1_202' title='bbox 759 3862 798 3953; x_wconf 78' lang='grc' dir='ltr'>ἢν</span> <span class='ocrx_word' id='word_1_203' title='bbox 830 3866 866 3932; x_wconf 80' lang='grc' dir='ltr'>δὲ</span> <span class='ocrx_word' id='word_1_204' title='bbox 892 3864 936 3955; x_wconf 83' lang='grc' dir='ltr'>μὴ</span> <span class='ocrx_word' id='word_1_205' title='bbox 966 3866 1146 3954; x_wconf 74' lang='grc' dir='ltr'><strong><em>δυναίμεθα</em></strong></span> 
     </span>
     <span class='ocr_line' id='line_1_34' title="bbox 112 3971 1144 4058; baseline 0.004 -23"><span class='ocrx_word' id='word_1_206' title='bbox 112 3975 215 4040; x_wconf 82' lang='lat' dir='ltr'>nescio</span> <span class='ocrx_word' id='word_1_207' title='bbox 243 3997 284 4039; x_wconf 83' lang='lat' dir='ltr'>an</span> <span class='ocrx_word' id='word_1_208' title='bbox 309 3971 514 4058; x_wconf 78' lang='grc' dir='ltr'><strong><em>βουλώμεθα</em></strong></span> <span class='ocrx_word' id='word_1_209' title='bbox 542 3971 743 4038; x_wconf 87' lang='lat' dir='ltr'>scribendum</span> <span class='ocrx_word' id='word_1_210' title='bbox 771 3971 812 4036; x_wconf 92' lang='lat' dir='ltr'>sit</span> <span class='ocrx_word' id='word_1_211' title='bbox 839 3981 968 4058; x_wconf 89' lang='lat' dir='ltr'>propter</span> <span class='ocrx_word' id='word_1_212' title='bbox 994 3995 1041 4037; x_wconf 87' lang='lat' dir='ltr'>vs.</span> <span class='ocrx_word' id='word_1_213' title='bbox 1069 3974 1144 4039; x_wconf 84' lang='lat'>470.</span> 
     </span>
     <span class='ocr_line' id='line_1_35' title="bbox 114 4068 1146 4163; baseline 0.002 -24"><span class='ocrx_word' id='word_1_214' title='bbox 114 4074 171 4163; x_wconf 78' lang='grc' dir='ltr'>δρᾶ</span> <span class='ocrx_word' id='word_1_215' title='bbox 196 4071 312 4157; x_wconf 74' lang='grc' dir='ltr'><strong><em>ταῦθ’,</em></strong></span> <span class='ocrx_word' id='word_1_216' title='bbox 346 4071 390 4142; x_wconf 79' lang='grc' dir='ltr'>ἵν’</span> <span class='ocrx_word' id='word_1_217' title='bbox 416 4070 554 4163; x_wconf 78' lang='grc' dir='ltr'><strong><em>ἀριστᾷς</em></strong></span> <span class='ocrx_word' id='word_1_218' title='bbox 580 4099 616 4141; x_wconf 92' lang='grc' dir='ltr'>τε</span> <span class='ocrx_word' id='word_1_219' title='bbox 642 4076 698 4163; x_wconf 88' lang='grc' dir='ltr'>καὶ</span> <span class='ocrx_word' id='word_1_220' title='bbox 724 4079 817 4162; x_wconf 77' lang='grc' dir='ltr'><strong><em>βινῇς</em></strong></span> <span class='ocrx_word' id='word_1_221' title='bbox 844 4068 923 4157; x_wconf 77' lang='grc' dir='ltr'><strong><em>ἅμα.</em></strong></span> <span class='ocrx_word' id='word_1_222' title='bbox 976 4074 1146 4141; x_wconf 83' lang='lat' dir='ltr'>Praeterea</span> 
     </span>
     <span class='ocr_line' id='line_1_36' title="bbox 114 4177 1146 4262; baseline -0.002 -18"><span class='ocrx_word' id='word_1_223' title='bbox 114 4196 314 4262; x_wconf 85' lang='lat' dir='ltr'>personarum</span> <span class='ocrx_word' id='word_1_224' title='bbox 333 4180 419 4244; x_wconf 88' lang='lat' dir='ltr'>vices</span> <span class='ocrx_word' id='word_1_225' title='bbox 437 4179 471 4243; x_wconf 92' lang='lat' dir='ltr'>in</span> <span class='ocrx_word' id='word_1_226' title='bbox 489 4187 554 4244; x_wconf 91' lang='lat' dir='ltr'>toto</span> <span class='ocrx_word' id='word_1_227' title='bbox 571 4178 633 4245; x_wconf 81' lang='lat' dir='ltr'>hoe</span> <span class='ocrx_word' id='word_1_228' title='bbox 651 4177 720 4244; x_wconf 88' lang='lat' dir='ltr'>loco</span> <span class='ocrx_word' id='word_1_229' title='bbox 739 4178 829 4244; x_wconf 85' lang='lat' dir='ltr'>aliter</span> <span class='ocrx_word' id='word_1_230' title='bbox 847 4177 989 4255; x_wconf 87' lang='lat' dir='ltr'>distinxi,</span> <span class='ocrx_word' id='word_1_231' title='bbox 1013 4188 1048 4242; x_wconf 94' lang='lat' dir='ltr'>ut</span> <span class='ocrx_word' id='word_1_232' title='bbox 1065 4179 1146 4243; x_wconf 90' lang='lat' dir='ltr'>indi-</span> 
     </span>
    </p>
   </div>
   <div class='ocr_carea' id='block_1_7' title="bbox 116 4281 929 4454">
    <p class='ocr_par' dir='ltr' id='par_1_12' title="bbox 116 4281 929 4454">
     <span class='ocr_line' id='line_1_37' title="bbox 116 4281 584 4349; baseline 0.002 -2"><span class='ocrx_word' id='word_1_233' title='bbox 116 4284 228 4348; x_wconf 78' lang='lat' dir='ltr'>saviis</span> <span class='ocrx_word' id='word_1_234' title='bbox 247 4282 448 4349; x_wconf 89' lang='lat' dir='ltr'>adnotatione</span> <span class='ocrx_word' id='word_1_235' title='bbox 467 4281 584 4348; x_wconf 81' lang='lat' dir='ltr'>critica.</span> 
     </span>
     <span class='ocr_line' id='line_1_38' title="bbox 161 4383 929 4454; baseline -0.009 -10"><span class='ocrx_word' id='word_1_236' title='bbox 161 4401 266 4453; x_wconf 80' lang='grc' dir='ltr'><strong><em>Μείοιλε,</em></strong></span> <span class='ocrx_word' id='word_1_237' title='bbox 278 4402 389 4445; x_wconf 76' lang='lat' dir='ltr'>Vindicius</span> <span class='ocrx_word' id='word_1_238' title='bbox 398 4401 511 4454; x_wconf 65' lang='lat' dir='ltr'>aristoph.</span> <span class='ocrx_word' id='word_1_239' title='bbox 890 4383 929 4447; x_wconf 82' lang='lat'>13</span> 
     </span>
    </p>
   </div>
   <div class='ocr_carea' id='block_1_8' title="bbox 0 0 1445 4909">
    <p class='ocr_par' dir='ltr' id='par_1_13' title="bbox 0 0 1445 4909">
     <span class='ocr_line' id='line_1_39' title="bbox 0 0 1445 4909; baseline 0 0"><span class='ocrx_word' id='word_1_240' title='bbox 0 0 1445 4909; x_wconf 95' lang='lat' dir='ltr'> </span> 
     </span>
    </p>
   </div>
  </div>
 </body>
</html>
