2859 4909
310 390 373 457 118
680 399 979 457 LYSIS'I'RA'I'A.

771 538 821 594 Vs.
839 539 882 594 64.

505 640 551 723 ιδς
569 640 654 733 δεῦρ’
671 643 768 711 λοῦσα
785 640 984 713 θούκάταιον
1002 644 1106 737 ἤρετο.

374 765 448 833 Νοο
468 763 617 832 credibile
643 764 722 831 mihi
746 765 871 832 videtur
896 777 1024 853 poetam
1050 770 1186 841 diversis
1213 784 1341 853 nominis

312 867 459 937 ἑτάτειον
480 868 590 935 formis
612 891 706 936 usum
734 890 821 947 esse3
847 869 954 954 itaque
980 882 1036 937 aut
1060 872 1113 941 hio
1141 875 1341 955 θούκάταιον

312 981 367 1038 aut
400 971 501 1058 Vesp.
538 971 612 1036 804.
652 993 726 1038 eum
761 971 979 1088 Brunekio‘
963 973 1109 1045 εκάτειον
1145 983 1339 1055 scribendum
1408 1061 1409 1064 ,

312 1075 432 1162 opinor.

772 1226 822 1282 Vs.
844 1227 885 1282 79.

459 1328 530 1398 οἷον
547 1327 586 1397 τὸ
605 1330 725 1410 κάλλος
741 1330 921 1420 γλυκυτάτη
940 1356 1001 1401 σου
1019 1343 1187 1424 φαίνεται.

378 1451 538 1520 Constans
564 1449 716 1518 librorum
743 1452 967 1539 scriptumest
988 1444 1016 1522 ὦ
1041 1459 1239 1553 γλυκυτάτη,
1266 1491 1338 1575 quae

313 1556 372 1622 etsi
389 1565 474 1621 recte
491 1554 659 1622 emendata
674 1554 775 1622 videri
792 1565 910 1643 potest,
928 1556 1064 1627 fortasse
1081 1572 1191 1633 tamen
1208 1576 1334 1656 poeta'
1313 1599 1337 1638 ω

311 1656 410 1745 γλάκη
434 1656 568 1744 scripsit
612 1655 675 1724 Est
699 1657 762 1725 hoo
787 1681 828 1725 ex
853 1682 891 1727 eo
916 1663 1079 1731 nominum
1104 1690 1239 1755 genere,
1265 1698 1337 1761 quae

313 1761 452 1827 medium
466 1759 649 1845 quendam
639 1773 720 1828 mter
732 1762 858 1849 propria
875 1764 1003 1831 nomina
1020 1778 1052 1834 et
1069 1770 1227 1842 adiectiva
1242 1776 1337 1844 looum

312 1862 463 1931 obtinent
508 1860 664 1929 Eiusdem
680 1865 807 1952 generis
826 1875 899 1931 sunt
916 1892 944 1932 τυ
924 1856 1146 1961 Ήπολυχαρε
1132 1876 1203 1957 ί,δα
1226 1904 1252 1945 ro
1242 1869 1336 1948 ἐλά·
1408 1951 1409 1962 ,

313 1990 401 2056 φιον,
421 1955 448 2032 ὦ
465 1991 550 2057 propr
552 1971 611 2045 ί,ον
629 1976 661 2033 et
674 1971 759 2052 quod
773 1979 880 2036 nostro
898 1970 1089 2041 simillimum
1109 1990 1161 2046 est
1178 2006 1206 2046 τυ
1192 1970 1336 2070 γλύκων

312 2070 394 2138 Rau
413 2067 486 2137 985

775 2206 824 2263 Vs.
842 2208 885 2264 87.
961 2225 965 2230 ·

463 2311 528 2379 ἵκει
545 2307 632 2378 ποθ’
649 2306 722 2395 ἆμέ.
762 2322 804 2379 Λ.
828 2312 865 2400 νὴ
884 2311 956 2394 Δί’,
980 2306 1007 2383 ὦ
1024 2328 1182 2405 Βοιωτία,

462 2414 562 2482 καλόν
578 2411 610 2502 γ’
628 2413 748 2498 ’ἔχουσα
765 2412 805 2483 τὸ
823 2416 949 2487 πεδίου.

377 2535 529 2622 Lampito
560 2535 732 2602 adventum
762 2536 932 2605 Boeotioae
963 2542 1103 2611 mulieris
1131 2549 1267 2630 nuntiat3
1299 2550 1333 2616 ad

313 2637 392 2705 haee
404 2638 587 2726 Lysistrata
604 2639 681 2705 satis
698 2631 804 2727 inepte
822 2639 897 2706 dicit
915 2663 1051 2729 eaquae
1070 2670 1168 2737 supra
1184 2652 1333 2740 adscripsi.

312 2741 470 2827 Apertum
493 2762 565 2807 esse
587 2741 698 2828 opinor
719 2742 943 2830 Lampitonem
970 2769 1034 2814 non
1055 2750 1181 2838 alloqui.
1200 2756 1333 2822 debuisse

313 2843 494 2922 Boeotiam,
518 2842 576 2910 sed
597 2844 658 2910 hoe
681 2844 864 2932 simpliciter
885 2846 989 2915 dicere
1011 2851 1149 2921 debebat
1165 2872 1240 2926 reete
1256 2862 1334 2934 άὶοἰις

313 2948 445 3012 Boeotia
471 2959 533 3023 est,
569 2959 707 3035 atquae
727 2950 872 3036 puleium
898 2951 991 3019 πεδί
978 2959 1037 3021 ίον
1063 2958 1183 3026 babeat.
1235 2961 1334 3046 Itaque

313 3044 368 3116 Δί
393 3037 421 3115 ὦ
448 3071 489 3115 ex
516 3053 560 3115 Δί
560 3074 582 3114 α
607 3061 716 3116 natum
743 3062 835 3139 puto,
867 3063 899 3119 et
928 3054 1047 3123 inserto
1072 3069 1139 3128 MA
1166 3076 1237 3131 ante
1266 3072 1333 3131 AIA

314 3151 515 3219 scribendum
534 3153 655 3220 oonioio
673 3151 710 3241 νη
729 3151 777 3239 μὰ
795 3160 860 3223 Δία
877 3163 1039 3241 Βοιωτία,
1063 3163 1210 3272 καλάν’γ
1227 3165 1333 3249 ἔχουσα

316 3280 355 3324 το
341 3252 455 3323 πεδί
442 3260 501 3322 ί.ον
550 3293 551 3296 ¹

773 3409 823 3466 Vs.
843 3411 885 3466 99.

421 3512 500 3592 τοὺς
517 3518 665 3600 πατέρας
682 3509 721 3580 οὗ
739 3519 883 3583 ποθεῖτε
898 3516 977 3598 τοὺς
993 3526 1059 3588 τῶν
1076 3526 1220 3593 παιδίοιν

421 3614 480 3684 ἐπὶ
498 3622 655 3705 στρατιάς
673 3613 840 3702 ἂπόντας;
859 3609 893 3686 εὖ
911 3617 973 3709 γὰρ
993 3619 1057 3690 οἶδ’
1074 3620 1128 3695 άτι

423 3720 587 3788 πάσαισιν
604 3715 682 3804 ὑμῖν
700 3718 789 3789 ἐστὶν
807 3717 990 3810 ἀποδημῶν
1009 3722 1098 3815 ἀνήρ.

377 3839 579 3906 Postremum
597 3862 725 3907 versum
743 3840 799 3907 diu
816 3853 865 3909 est
882 3846 968 3929 quod
986 3846 1208 3916 eliminandum
1224 3847 1330 3937 putavi,

313 3943 346 4008 in
377 3964 441 4027 quo
470 3965 555 4008 nuno
585 3944 679 4009 etiam
706 3943 926 4012 Hamakerum
952 3951 1196 4020 consentientem
1225 3952 1328 4027 habeo;

313 4068 377 4111 non
408 4066 479 4111 esse
510 4046 735 4133 Aristophanis
768 4047 860 4115 docet
890 4046 993 4116 vel
973 4052 1066 4141 ανήρ,
1103 4057 1187 4141 quod
1212 4053 1330 4123 articulo

313 4171 419 4216 carere
440 4170 504 4213 non
526 4158 640 4234 potest.
684 4149 826 4218 Additus
849 4163 898 4219 est
920 4153 960 4219 ab
982 4154 1109 4255 homine
1131 4160 1265 4247 imperito
1280 4153 1327 4239 qui
1408 4189 1409 4248 j

313 4250 512 4320 desiderabat
530 4252 650 4336 aliquid
668 4254 708 4320 ad
727 4277 762 4320 ου
749 4243 885 4322 oto’‘'
865 4282 926 4323 οτι.
