2859 4909
438 396 811 455 EOOLESIAZUSAE.

568 536 617 590 Vs.
636 536 679 590 64.

294 641 501 728 ἒχλιαινόμην
520 639 651 708 ἑστῶσα
668 638 755 729 πρὸς
772 638 829 707 τὸν
846 634 949 727 ἥλιον.

173 763 248 830 Ηοα
265 784 369 848 neque
384 762 425 828 ad
438 762 625 828 sententiam
640 772 750 848 aptum
763 769 813 827 est
826 782 929 846 neque
942 761 984 827 ad
996 772 1142 828 metrum.

116 866 221 953 Neque
251 866 336 933 enim
367 864 507 952 corporis
538 864 745 931 calefaciendi
771 887 868 931 causa
894 863 961 931 sole
987 865 1143 944 utebatur,

117 969 168 1036 sed
192 978 230 1035 ut
256 969 463 1056 nigricantem
488 967 563 1033 inde
591 968 728 1034 colorem
754 966 896 1046 duceret,
923 990 987 1053 quo
1015 969 1146 1036 similior

116 1072 257 1138 evaderet
273 1073 352 1138 viro.
392 1071 505 1156 Itaque
523 1067 738 1158 ἕμελαινόμην
755 1071 833 1136 mihi
850 1071 925 1138 olim
943 1070 1145 1139 scribendum

116 1175 285 1254 videbatur,
304 1174 389 1259 quod
407 1173 592 1240 scholiastes
610 1174 728 1261 legisse
746 1174 845 1240 videri
861 1184 966 1261 potest
984 1169 1070 1242 ὥστε
1086 1181 1146 1259 μί-

117 1280 206 1345 λαινα
227 1282 398 1366 γίνεσθαι,
423 1272 470 1355 ὥς
491 1272 586 1365 ἀνήρ,
615 1299 699 1343 nunc
721 1277 855 1363 praetuli
876 1276 962 1362 quod
983 1277 1144 1366 Bergkius

116 1377 230 1447 invenit
257 1378 466 1471 ἐχραινόμην,
497 1381 549 1447 cui
581 1379 668 1445 favet
694 1380 918 1467 grammaticus
945 1381 978 1445 in
1004 1380 1146 1448 Behkeri

116 1484 233 1551 Anecd.
257 1507 289 1571 p.
310 1485 361 1563 72,
379 1484 431 1550 28.
452 1487 652 1571 χραίνεοθαι
674 1480 760 1571 πρὸς
781 1478 888 1569 ἥλιον·
911 1481 950 1550 εδ
973 1484 1145 1571 λεγόμενον

32 1623 34 1630 >
116 1584 177 1654 διεδ
203 1593 271 1655 τῶν
297 1588 432 1655 πολλῶν
459 1584 621 1653 ἐπικαίειν
648 1586 685 1668 (l.
714 1583 948 1668 insectandus)
975 1593 1022 1676 τῷ
1050 1584 1143 1675 ἡλίῳ.

118 1689 180 1756 cfr.
197 1690 342 1758 Galenus
357 1690 420 1757 vol.
429 1690 489 1757 VI.
499 1713 531 1777 p.
541 1690 594 1756 47.
609 1687 645 1771 ἐξ
656 1685 750 1777 ἡλίου
763 1688 952 1775 petasum,
972 1689 1006 1757 ἕκ
1018 1698 1146 1781 μακρᾶς

117 1799 331 1882 σκιατραφίας
348 1793 511 1880 λευκότης.
547 1792 600 1858 De
618 1803 717 1859 metro
735 1793 821 1876 quod
839 1792 992 1874 dicebam,
1009 1796 1145 1878 χλιαίνιο

118 1907 293 1964 constanter
310 1898 445 1984 primam
463 1896 608 1983 producit
626 1896 711 1982 apud
728 1906 838 1983 poetas
858 1898 1009 1964 scenicos.

572 2066 622 2121 Vs.
641 2066 683 2120 65.

282 2168 425 2259 κᾶγωγε·
447 2170 487 2239 τὸ
505 2168 603 2256 ξυρὸν
621 2170 658 2236 δέ
674 2167 702 2257 y'
720 2168 829 2258 ἕκτης
848 2170 954 2251 οἰκίας

285 2273 410 2364 ἔρριψα
428 2280 577 2363 πρῶτον,
595 2273 650 2341 ἵνα
669 2274 869 2360 δασυνθείην
887 2268 956 2362 ὅλη.

176 2396 263 2463 Cum
285 2395 363 2462 dicit
383 2400 518 2483 πρῶτον
540 2417 574 2460 se
597 2393 786 2460 novaculam
808 2395 961 2462 abiecisse
985 2419 1025 2462 ex
1042 2397 1147 2474 domo,

119 2500 217 2582 quivis
239 2508 386 2585 expectet
406 2498 493 2565 aliud
514 2498 635 2563 illatum
658 2498 711 2576 iri,
739 2497 825 2582 quod
850 2498 974 2565 abiecta
996 2499 1149 2565 novacula

119 2602 256 2682 fecisset,
279 2611 316 2667 ut
337 2602 371 2666 in
392 2602 512 2688 primae
534 2600 674 2667 mulieris
693 2602 835 2667 oratione
852 2601 971 2667 factum
989 2603 1149 2679 videmus3

120 2704 192 2771 nihil
215 2728 290 2771 vero
312 2703 455 2770 infertur.
499 2705 606 2791 itaque
629 2715 684 2771 aut
708 2704 879 2772 lacunosus
901 2705 990 2772 locus
1013 2717 1062 2771 est
1085 2717 1148 2782 aut,

121 2809 200 2891 quod
217 2806 414 2895 probabilius
432 2807 569 2888 videtur,
590 2807 806 2874 scribendum:

304 2925 428 3015 ἔρριψα
446 2926 574 3016 πρῴην,
594 2927 649 2994 ἵνα
668 2927 868 3015 δασυνθείην
887 2922 957 3014 ὅλη.

121 3046 188 3115 Ηοο
211 3071 306 3133 quam
329 3047 462 3134 proclivi
485 3070 589 3113 errore
610 3048 645 3113 in
667 3053 802 3134 πρῶτον
824 3050 982 3135 corrumpi
1004 3051 1149 3136 potuerit,

123 3152 282 3237 apparebit
295 3151 447 3238 cogitanti
461 3150 623 3235 antiquam
638 3150 796 3217 scribendi
809 3151 962 3216 rationem
975 3162 1149 3220 ΠΡΩΙΗΝ.

121 3251 270 3321 Eiusdem
307 3254 420 3320 erroris
455 3253 636 3340 exemplum
670 3253 801 3341 praebet
834 3253 1029 3321 Philemonis
1063 3254 1152 3321 locus

123 3358 202 3441 apud
220 3356 395 3424 Stobacum
418 3356 489 3423 Ecl.
508 3357 602 3443 phys.
621 3357 653 3434 Ι,
673 3358 706 3434 6,
729 3357 779 3422 11.
804 3355 859 3421 ubi
880 3355 995 3443 πρηίην
1016 3358 1153 3423 restituit

122 3458 290 3527 Bentleius.
1077 3511 1079 3514 .

576 3612 627 3666 Vs.
646 3612 688 3665 81.

276 3779 277 3782 ,
299 3717 392 3803 ε’ίνιερ
409 3740 461 3795 τις
479 3710 578 3795 ἄλλος
595 3717 765 3800 βουκολεῖν
782 3714 821 3784 τὸ
841 3716 967 3804 δήμιον.

182 3838 233 3903 Ita
258 3837 337 3903 haec
364 3835 448 3901 edidi
474 3835 627 3902 Bothium
655 3845 781 3903 secutus
788 3862 797 3915 ;
824 3837 910 3904 nullo
939 3860 1035 3905 sensu
1057 3838 1153 3927 vulgo
1206 3859 1209 3864 ⁴

124 3938 234 4027 legitur
254 3936 312 4007 τὸν
335 3938 462 4025 δήμιον.
508 3937 596 4022 Quid
618 3951 725 4005 autem
743 3940 927 4006 Heekerum
950 3942 1096 4020 moverit,
1121 3957 1156 4008 ut

125 4045 299 4124 βαυκαλᾶν
318 4042 519 4108 scribendum
550 4064 622 4109 esse
652 4042 857 4110 contenderet
886 4066 943 4130 pro
973 4048 1152 4130 porculeta,

126 4154 271 4232 exputare
293 4168 358 4211 non
378 4168 521 4232 possum.
567 4144 718 4213 Ceterum
740 4147 795 4231 qui
821 4158 895 4233 post
921 4148 1006 4213 hunc
1027 4171 1154 4214 versum

125 4247 218 4335 vulgo
239 4259 415 4333 sequuntur
437 4271 494 4315 sex
512 4270 624 4315 versus
646 4249 715 4316 loco
735 4272 792 4316 suo
811 4261 914 4316 motos
933 4262 1053 4336 etpost
1071 4274 1154 4330 eum,
