2859 4909
726 382 885 440 RANAE.

742 555 793 612 Vs.
810 555 871 610 397.

501 691 605 780 Ἴακχε
623 697 841 784 πολυτίμητε,
859 696 959 780 μέλος
978 692 1092 784 ἑορτῆς

505 791 641 886 ἥδιστον
659 794 773 883 εὑρών.

357 952 452 1022 Unus
483 953 624 1021 omnium
655 953 861 1041 interpretum
891 953 1039 1019 Kookius
1073 953 1228 1019 intellexit
1264 976 1332 1020 non
1418 1001 1419 1004 η

292 1079 388 1145 posse
418 1056 571 1123 Iacchum
601 1056 776 1122 carminum
807 1057 841 1122 in
872 1055 932 1123 hae
962 1055 1113 1122 bacchica
1139 1055 1332 1148 solennitate

293 1160 507 1227 canendorum
541 1168 701 1226 auctorem
735 1159 927 1247 praedicari3
961 1182 1026 1224 non
1059 1158 1185 1246 probari
1202 1168 1332 1224 tamen
1418 1151 1419 1206 Ῐ

294 1286 388 1352 posse
410 1263 535 1329 videtur
555 1262 641 1348 quod
662 1263 796 1329 coniecit
817 1285 874 1349 pro
897 1284 935 1328 eo
955 1266 1068 1348 μέρος,
1096 1261 1182 1347 quod
1211 1263 1259 1328 sic
1281 1262 1331 1326 in-

294 1367 395 1455 telligi
412 1366 522 1444 voluit,
541 1376 576 1432 ut
593 1365 701 1436 Iacchi
719 1365 906 1454 supplicatio
923 1365 1133 1453 pulcherrima
1145 1366 1332 1433 Eleusinio-

294 1492 456 1558 rumpam
474 1491 546 1535 esse
563 1468 694 1535 dicatur.
738 1468 822 1534 Mihi
840 1468 976 1534 dubitari
998 1492 1063 1535 non
1079 1491 1174 1555 posse
1191 1468 1330 1545 videtur,

295 1574 372 1659 quin
389 1582 482 1660 poeta
499 1574 593 1651 τέλος
607 1570 720 1662 ἑορτῆς
734 1571 902 1658 scripserit.
937 1571 1056 1638 Notum
1071 1581 1120 1638 est
1132 1573 1330 1638 homericum
1418 1585 1419 1588 ’

294 1676 373 1744 illud
405 1671 443 1741 οὖ
473 1672 535 1764 γὰρ
568 1674 669 1762 έχωχέ
698 1680 733 1741 τί
763 1699 850 1763 φημι
880 1676 974 1754 τέλος
995 1679 1206 1762 χαριέστερον
1234 1670 1329 1741 εἶναι.
1418 1665 1419 1674 ’

296 1778 380 1845 Cum
412 1774 507 1865 ἑορτὴ
536 1778 698 1844 coniunxit
723 1778 894 1867 Euripides
919 1777 1008 1845 Med.
1034 1779 1118 1845 1382
1141 1778 1264 1861 (1349)
1290 1782 1329 1865 γῇ

295 1880 372 1970 τῇδε
401 1880 554 1968 Σισύφου
591 1879 709 1969 σεμνὴν
745 1878 859 1969 ἑορτὴν
893 1882 949 1947 καλ
983 1883 1058 1969 τέλη
1094 1882 1329 1968 προσάψομτν,
1418 1921 1419 1924 =

296 2005 489 2071 quamquam
506 1983 601 2051 huius
619 1984 680 2051 loci
697 1984 793 2071 paulo
810 1984 872 2050 alia
889 1992 938 2051 est
955 1985 1043 2050 ratio.

750 2188 800 2246 Va.
818 2188 878 2244 519.

404 2329 462 2397 ἰ’θι
478 2354 534 2397 νον
552 2327 682 2417 φράσον
699 2326 873 2412 πρώτιστοι
889 2339 965 2407 ταῖς
983 2323 1191 2419 ὀρχηστρίσιν

404 2444 479 2512 ταῖς
497 2430 588 2499 ένόον
606 2428 722 2512 οὔσαις
740 2426 839 2510 αὐτὸς
858 2424 910 2499 ὅτι
928 2430 1127 2520 εἰσέρχομαι.

362 2586 403 2652 In
420 2587 471 2654 his
487 2585 587 2653 multa
605 2586 713 2652 insunt
729 2607 811 2672 quae
827 2584 1041 2652 dubitationes
1063 2595 1192 2653 movent
1208 2586 1332 2674 gravis-
1418 2669 1419 2678 χ

299 2690 406 2757 simas.
443 2688 605 2773 Quorsum
623 2689 707 2755 enim
720 2686 913 2776 πρώτισταλ
928 2688 1007 2754 nihil
1023 2712 1152 2776 prorsus
1165 2688 1330 2777 Dionysus
1418 2769 1419 2774 γ

298 2802 423 2878 praeter
439 2791 501 2857 hoo
517 2793 637 2878 ipsum,
656 2815 690 2859 se
708 2792 908 2858 introiturum
926 2814 1011 2870 esse,
1029 2792 1165 2879 iniungit
1181 2792 1327 2858 famulae

301 2892 408 2977 Quare
426 2893 524 2960 multo
542 2896 658 2961 rectius
674 2895 814 2978 τάχιστα
832 2896 1010 2982 scripsisset
1026 2906 1129 2981 poeta.
1165 2896 1253 2962 Tum
1269 2918 1330 2962 nou

300 2992 400 3074 αὐτὸς
417 2995 521 3063 dicere
538 2997 683 3076 debebat,
703 2999 760 3064 sed
777 2995 905 3077 καύτός.
946 2999 1039 3065 Intus
1057 3009 1129 3066 sunt
1147 2999 1330 3077 saltatrices,
1418 3041 1419 3044 =

300 3100 405 3184 itaque
431 3122 496 3165 non
521 3123 552 3165 ae
577 3102 774 3166 introiturum
805 3124 876 3167 esse
902 3102 1006 3167 dicere
1032 3101 1182 3179 debebat,
1219 3103 1278 3170 sed
1300 3123 1346 3172 aex
1418 3145 1419 3152 ν

300 3205 401 3291 ipsum
415 3225 542 3290 quoque.
569 3203 738 3272 Praeterea
746 3226 804 3290 pro
813 3202 1003 3290 εἰσέρχομαι
1011 3204 1168 3270 emendati
1178 3205 1329 3272 sermonis

300 3307 352 3373 lex
369 3305 551 3393 postulabat
567 3307 719 3374 futurum.
763 3304 863 3373 Porro
880 3308 957 3391 quid
975 3308 1127 3393 estquod
1149 3321 1224 3388 ταῖς
1242 3307 1330 3376 ἔνδον

301 3404 418 3488 οὔσαις
435 3407 562 3475 additur
578 3409 617 3475 de
635 3409 763 3495 puellis,
786 3432 866 3494 quas
888 3409 972 3475 intus
991 3433 1063 3477 esse
1081 3434 1190 3478 omnes
1209 3420 1328 3478 norant.

300 3510 454 3597 Denique·
472 3523 571 3577 totum
594 3512 673 3577 illud
694 3512 781 3596 quod
801 3512 971 3577 adventum
995 3534 1088 3579 suum
1114 3513 1329 3600 praenunciari

301 3614 389 3681 iubet
414 3614 502 3680 nullo
527 3616 621 3703 plane
647 3616 779 3682 consilio
804 3615 913 3682 fictum
940 3626 1003 3694 est3
1030 3616 1108 3688 nihil
1134 3617 1218 3682 enim
1245 3617 1329 3704 prius
1418 3631 1419 3640 ’

300 3716 396 3783 habet
413 3699 605 3814 Dionysius,
624 3741 719 3803 quam
737 3726 773 3782 ut
790 3718 896 3784 statim
913 3729 1082 3804 postquam
1099 3719 1139 3785 de
1157 3719 1330 3786 venustulis

301 3818 362 3884 illis
386 3820 507 3886 audivit
527 3820 730 3908 ingrediatur.
775 3821 849 3886 Hae
869 3821 1007 3888 rationes
1031 3844 1082 3887 me
1105 3823 1226 3887 dudum
1249 3844 1331 3888 eom·
1418 3863 1419 3866 =

302 3933 479 3999 moverant,
507 3933 542 3987 ut
565 3922 659 3989 ambo
685 3945 797 3988 versus
818 3923 853 3987 in
878 3925 1053 4010 marginem
1078 3924 1244 4005 reicerem,
1270 3945 1331 4009 qua
1418 3981 1419 4006 χ

302 4022 334 4086 in
372 4044 407 4087 re
442 4023 662 4092 Hamakerum
700 4047 752 4091 me
787 4026 1033 4092 consentientem
1072 4026 1189 4094 habere
1224 4036 1332 4114 postea
1418 4027 1419 4074 ἶ

302 4124 447 4210 cognovi.
