2859 4909
727 360 914 419 PLUTUS.

755 498 807 555 Vs.
824 499 885 555 245.

431 606 566 692 μετρίου
584 599 646 692 μὰρ
665 597 784 690 ἀνδρὸς
802 599 861 671 οὐκ
877 602 1031 689 ἐπέτυχες
1048 605 1200 675 πώποτε.

368 725 451 793 Ven.
478 746 540 791 om
568 718 627 790 οὐκ
657 737 691 791 ct
721 718 941 792 οὐδεπώποτε
970 724 1067 793 habet
1095 749 1154 814 pro
1185 727 1335 805 πώποτε,

303 828 388 895 unde
406 826 543 894 conicias
561 827 665 894 deleto
683 822 803 916 ἀνδρός
821 827 1024 895 scribendum
1041 851 1127 897 esse:

452 935 587 1017 μετρίου
604 927 668 1019 μὰρ
687 925 746 997 οὐκ
764 927 918 1014 ἐπέτυχες
935 927 1165 1001 οὐδεπώποτε.

302 1034 350 1102 At
366 1056 440 1101 cnm
453 1033 518 1101 duc
532 1033 623 1100 codd
639 1031 749 1117 ἔτυχες
761 1033 910 1114 habeant,
927 1046 1068 1122 praestat
1079 1037 1189 1104 forsan
1200 1040 1333 1124 μετρίου

300 1136 364 1227 μὰρ
383 1134 501 1227 ἀνδρὸς
518 1132 578 1204 ουίι
595 1134 705 1219 ἔτυχες
723 1131 913 1219 οὐπώποτε,
932 1138 984 1205 vel
1000 1149 1036 1205 ut
1048 1139 1209 1228 Bergkius
1226 1140 1332 1217 voluit,

301 1248 437 1331 μετρίου
454 1237 517 1329 μὰρ
535 1234 654 1329 ἀνδρὸς
672 1238 782 1324 έτυχες
800 1235 1028 1310 οὐδεπώποτε.
1298 1246 1301 1252 ’

753 1410 804 1466 Vs.
822 1410 883 1466 255.

332 1513 374 1586 ἴτ’
391 1515 549 1605 ίμιιονεῖτε
566 1510 738 1596 σπεύδεθ’,
758 1510 804 1594 ὥς
821 1510 839 1583 ὁ
857 1512 972 1604 καιρὸς
989 1511 1062 1599 οὐχί
1078 1519 1222 1601 μέλλειν,
1347 1603 1349 1607 ,

332 1616 402 1689 ἀλλ’
418 1614 482 1687 ἔστ’
498 1613 550 1686 ἐπ’
567 1614 667 1706 αὐτῆς
683 1622 742 1705 τῆς
759 1612 878 1705 ἀκμῆς,
900 1607 921 1707 ᾗ
940 1617 993 1686 δεῖ
1008 1616 1145 1706 παρόντ’
1161 1616 1298 1706 ἀμύνειν.

364 1741 523 1806 Incertam
540 1738 618 1805 facit
638 1738 806 1805 lectionem
826 1737 978 1805 librorum
999 1738 1180 1821 dissensus,
1200 1763 1327 1826 quorum

300 1845 382 1912 Rav.
405 1841 501 1909 habet
523 1836 569 1921 ὥς
589 1837 704 1930 καιρὸς
727 1838 800 1924 σιἰχί
816 1842 960 1926 μέλλειν,
982 1843 1066 1911 Ven.
1084 1839 1123 1911 οὗ
1140 1841 1203 1933 μὰρ
1219 1840 1327 1931 καιρὸς

301 1942 374 2031 οὐχί
394 1946 538 2031 μέλλειν,
561 1943 649 2030 qnod
669 1943 807 2031 probum
828 1955 877 2011 est
899 1946 928 2011 si
947 1968 1006 2032 pro
1024 1941 1097 2029 οὐχί
1115 1947 1234 2015 scribas
1250 1945 1325 2015 ἐστί

300 2051 376 2119 Ηοα
397 2059 518 2116 certum
541 2059 602 2127 est,
626 2048 659 2113 in
679 2058 808 2135 recepta
824 2047 958 2115 lectione
975 2049 1052 2116 seni
1067 2072 1133 2117 non
1149 2073 1243 2138 posse
1257 2051 1326 2117 arti·
1407 2103 1409 2106 .

300 2155 422 2233 culum3
445 2162 551 2240 potest
569 2162 689 2230 autem,
708 2151 737 2216 si
753 2173 811 2238 pro
828 2152 957 2235 μέλλειν
974 2175 1108 2239 reponas
1126 2156 1249 2238 μέλλει,
1265 2176 1323 2239 quo

299 2268 394 2345 pacto
425 2256 521 2323 etiam
553 2276 688 2341 sequens
720 2248 784 2321 ἔστ’
812 2252 910 2320 habet
946 2255 1031 2322 unde
1062 2279 1250 2344 suspensum
1276 2257 1322 2322 sit
1407 2245 1409 2274 ¹

299 2362 444 2428 moesus
466 2358 581 2425 haereo
599 2358 639 2425 oe
657 2356 853 2444 περηομ»
872 2356 948 2423 661.
969 2354 1014 2446 μὴ
1035 2358 1221 2447 spartam,
1243 2354 1322 2439 οςι
1407 2339 1409 2434 t

299 2464 414 2554 καιρός
431 2461 503 2530 ἐστι
518 2458 564 2550 μὴ
581 2462 710 2546 μέλλειν
729 2457 788 2527 bn.
1405 2527 1407 2588 ρ

715 2628 766 2685 vs.
785 2628 837 2684 aar
854 2645 915 2700 sqq.
1405 2607 1406 2664 t

366 2732 482 2803 οὔκουν
501 2730 581 2822 ὁρᾷς
599 2730 810 2821 ὁρμωμένους
826 2730 913 2821 ἡμᾶς
930 2733 1038 2802 πάλαι
1054 2735 1254 2822 προθύμως,

364 2835 410 2919 ὦς
428 2836 515 2916 εἰκός
534 2835 622 2904 έστιν
640 2832 797 2916 ἀσθενεῖς
812 2842 966 2923 μέροπας
983 2833 1105 2923 ἄνδρας
1122 2834 1195 2926 ἤδη.

362 2958 499 3044 Propter
519 2950 581 3044 ἤδη
605 2957 646 3023 ad
666 2961 822 3044 μέροπας
848 2957 993 3024 desidem
1018 2957 1218 3045 perticipium
1242 2956 1320 3024 verbi

299 3060 499 3140 substantivi,
517 3081 556 3127 ac
573 3082 647 3127 cum
665 3060 734 3126 cod.
753 3060 797 3126 A.
816 3054 939 3149 ἄνδρας
956 3060 1089 3140 omittat,
1107 3085 1174 3129 non
1190 3058 1319 3129 dubitavi

297 3166 486 3235 rescribere:

406 3264 453 3348 ὥς
470 3265 558 3347 εἰκός
576 3264 665 3334 ἐστιν
682 3260 839 3344 ἀσθενεῖς
855 3269 1009 3353 μέροπας
1026 3259 1125 3346 ὅπας
1141 3262 1220 3354 {idm

297 3395 380 3459 quae
409 3370 531 3438 ludicra
561 3380 610 3437 est
644 3380 676 3435 et
711 3369 840 3435 comicis
874 3369 975 3455 poetis
1010 3368 1183 3436 admodum
1216 3369 1318 3435 usitata

297 3474 494 3563 compositio.
555 3472 655 3559 Vesp.
692 3472 768 3539 278.
807 3468 846 3539 τὸ
887 3469 1014 3561 σφυρὸν
1052 3476 1205 3561 μέροπας
1226 3466 1316 3547 ὄντος.

296 3580 438 3647 Acharn.
452 3576 526 3644 222.
539 3574 624 3663 μηδέ
636 3599 701 3664 περ
714 3577 870 3662 μέροπας
883 3569 981 3654 ὅπας
995 3572 1146 3664 έκφυμεῖν
1152 3570 1317 3664 Ἀχαρνέας.

295 3681 489 3750 Xenarchus
506 3678 667 3746 Athenaei
687 3677 789 3743 XHI.
807 3700 839 3765 p.
857 3677 932 3745 569.
952 3701 980 3745 c.
1002 3675 1079 3758 τοὺς
1101 3678 1161 3763 μὲν
1177 3684 1318 3766 μέροπας

297 3781 395 3865 ὅπας
413 3779 720 3866 έπικαλούμεναι.*)
764 3780 805 3846 In
823 3791 975 3866 sequente
992 3804 1088 3848 versu
1104 3782 1221 3848 retinui
1235 3781 1319 3847 libro·

1399 2823 1403 2970 t

365 3971 394 4042 *)
412 3969 491 4027 Nihil
507 3967 551 4023 bis
569 3968 659 4025 simile
678 3968 755 4041 apud
767 3968 892 4041 tragicos
905 3969 1043 4041 reperias,
1062 3974 1095 4023 ut
1107 3969 1207 4025 meritc
1220 3966 1316 4024 dubites

295 4075 334 4114 an
351 4060 427 4112 recte
440 4052 587 4112 Nauckius
599 4054 629 4108 in
644 4053 791 4126 Sophoclis
806 4053 876 4110 Oed.
891 4053 959 4127 Tyr.
974 4054 1052 4110 1114.
1072 4054 1250 4111 scribendum
1265 4067 1316 4110 esse

294 4141 417 4200 coniciet
425 4137 510 4197 ἄλλοις
518 4159 549 4194 τε
557 4138 623 4196 τοῦτ
631 4137 749 4214 ἄγονται
763 4137 844 4198 ὄντας
853 4141 962 4198 οἰκέται
976 4140 981 4213 Ι
996 4139 1091 4215 ίμνοιιί
1103 4145 1233 4211 ἐμαυτοῦ.
1264 4139 1317 4195 Hoc

293 4236 390 4287 tamen
401 4231 479 4286 recte
492 4223 562 4282 vidit
576 4219 685 4298 ὥσπερ,
705 4224 780 4296 quod
792 4226 879 4299 vulgo
891 4243 943 4299 pro
958 4224 1040 4286 iaaac
1052 4227 1170 4300 legitur,
1188 4226 1256 4285 ferri
1270 4239 1317 4282 non
