2859 4909
445 427 781 486 ACHARNENSES.
1093 415 1135 481 21

108 570 236 658 pendere
253 569 395 636 dicamus
414 569 539 637 dativos
560 574 608 657 τῳ
629 573 702 654 μέν,
727 571 783 637 σοὶ
806 570 856 651 δέ,
878 575 927 658 τῳ
949 567 1006 636 tlt?
1050 567 1138 657 Sup-

109 674 250 760 plendum
275 695 346 739 esse
372 673 481 740 dicunt
508 671 635 761 ἰτητέον
661 673 713 739 vel
739 672 924 760 γενήσεται,
960 672 1046 758 quod
1072 694 1136 759 quo

108 777 170 843 iure
181 776 246 842 fieri
258 777 360 864 possit
373 798 438 843 non
450 777 636 843 docuerunt.
680 776 794 861 Itaque
807 776 926 862 aliquid
939 775 1137 843 intercidisse

109 881 256 967 suspicor,
276 902 304 946 e.
323 902 353 945 c.
372 884 420 967 τη]
438 879 497 965 μέν
514 883 624 947 πίνειν
641 877 783 961 [παίζειν
799 876 826 946 τ’
842 878 946 963 ἔσται]
965 903 1138 968 οτεῳανω-
1187 867 1189 872 ’

110 987 245 1070 σομένῳ,
272 982 445 1068 inquibus
467 1005 564 1069 quam
589 981 723 1070 proclivi
744 1006 848 1050 errore
870 983 1083 1050 interutras
1105 992 1138 1049 et

110 1090 386 1175 στεφανωσαμένῳ
408 1086 507 1153 verba
527 1087 659 1168 παίζειν
679 1082 706 1152 τ’
728 1084 822 1154 ἔσται
843 1086 946 1174 perire
968 1085 1136 1173 potuerint,

109 1214 163 1256 sua
175 1200 284 1277 sponte
300 1189 494 1278 intelligitur.
531 1189 663 1272 παίζειν
676 1192 731 1257 καὶ
745 1195 852 1257 πίνειν
865 1189 1029 1255 coniunxit
1042 1189 1137 1254 etiam

16 1289 18 1378 ζ
112 1293 163 1360 Ion
187 1292 287 1360 Chius
315 1293 402 1380 apud
427 1291 630 1360 Athenaeum
656 1293 758 1359 XllL
784 1315 817 1380 p.
844 1292 919 1359 604.
946 1292 977 1359 d.
1029 1291 1137 1359 Versu

16 1381 18 1464 l
112 1407 259 1483 postremo
280 1406 366 1462 recte
387 1396 539 1464 Reislrius
560 1421 597 1463 τε
621 1395 757 1483 scripsit.
801 1396 866 1462 Pro
890 1391 1136 1485 ἀνατριβομένῳ

16 1481 18 1556 l
113 1510 244 1585 praestat
260 1499 397 1565 fortasse
419 1494 490 1585 ἅμα
506 1502 701 1589 τριβομένῳ.
746 1497 892 1587 Simplici
909 1508 1089 1565 constanter
1105 1498 1137 1563 in

16 1647 17 1650 =
114 1602 164 1669 hac
195 1625 229 1669 re
264 1603 312 1668 uti
349 1602 430 1669 solet
458 1602 707 1691 Aristophanes,
742 1624 845 1688 neque
876 1602 966 1668 aliter
998 1601 1137 1688 Amphis

16 1781 17 1784 ρ
112 1705 258 1773 Athenaei
274 1705 321 1771 II.
340 1728 372 1793 p.
391 1706 445 1772 69.
464 1728 492 1773 c.

497 1875 547 1933 Vs.
566 1877 643 1932 1150.
662 1877 740 1932 1156.

108 1977 283 2067 Ἀντίμαχον
293 1976 352 2048 τὸν
365 1980 514 2061 saletos
524 1978 582 2050 τὸν
596 1983 766 2071 ξυγγραφῆ
776 1985 841 2047 cciv
849 1981 974 2065 μελέων
983 1978 1135 2068 ποιητήν.

166 2101 336 2168 Meliorum
348 2102 498 2169 librorum
510 2102 592 2170 Rau.
602 2112 634 2168 et
643 2104 719 2171 Vat.
734 2102 931 2188 scripturam,
950 2111 986 2166 ut
999 2124 1057 2189 par
1070 2111 1138 2167 erat

110 2205 234 2285 inloco,
258 2205 349 2271 cuius
370 2205 581 2272 incertissima
602 2204 728 2271 medela
748 2218 811 2284 est,
835 2204 960 2272 servavi
976 2204 1136 2271 intactam.

111 2307 167 2374 Pro
187 2305 244 2376 τὸν
267 2309 438 2396 ξυγγραφῆ
461 2309 528 2375 sive
550 2318 586 2374 ut
607 2308 725 2375 lemma
742 2307 854 2375 scholii
871 2305 1041 2374 hebetatis
1059 2330 1138 2392 σογ-

109 2416 239 2500 γραφέα,
259 2411 433 2480 Elmsleius
446 2408 504 2479 τὸν
520 2412 638 2497 μέλεον
657 2412 793 2498 scripsit,
813 2410 955 2476 similiter
967 2408 1137 2476 Dobraeus

112 2519 170 2581 ruis
189 2516 315 2599 μελέων
336 2524 368 2581 et
389 2523 458 2581 tum
479 2510 537 2582 τὸν
557 2516 674 2600 μέλεον
695 2513 847 2602 ποιητήν.
892 2514 968 2600 Ipse
994 2512 1057 2578 lusi
1081 2508 1139 2578 τὸν

112 2618 214 2705 ξιρίαν
239 2615 297 2686 τὸν
323 2619 440 2702 μέλεον
466 2616 623 2707 ποιητήν,
656 2641 720 2704 quo
745 2618 873 2684 nomine
899 2614 1141 2703 appellabantur

15 2721 17 2726 ’
111 2720 246 2789 homines
264 2721 306 2787 ad
322 2731 427 2787 cutem
445 2721 521 2801 rasi,
545 2721 631 2807 quod
653 2730 812 2787 extremae
829 2719 973 2786 mollitiei
989 2718 1140 2784 indicium

113 2824 203 2891 fuisse
219 2834 353 2891 constat.
396 2824 507 2890 Fuerit
528 2824 626 2913 igitur
642 2824 695 2889 hic
711 2822 924 2889 Antimachus
941 2823 1027 2889 idem
1044 2844 1139 2908 quem

114 2937 144 2993 ut
171 2929 384 2995 effeminatum
409 2927 491 2994 ridet
520 2937 616 3014 poeta
645 2925 752 2993 Nubb.
780 2926 875 2992 1022.
929 2924 1025 3009 Quod
1056 2925 1140 2991 enim

114 3033 217 3116 ξορίας
243 3032 312 3098 sine
338 3030 529 3118 ignominiae
551 3029 677 3097 macula
698 3030 738 3096 de
760 3052 897 3116 persona
918 3028 1038 3116 tragica
1059 3049 1088 3095 e.
1111 3050 1139 3093 c.

114 3133 223 3201 Priami
244 3134 420 3213 dicebatur,
443 3156 508 3201 non
528 3133 661 3221 impedit
678 3134 848 3219 quominus
865 3131 951 3198 idem
968 3154 1084 3197 nomen
1102 3154 1141 3197 eo

114 3260 170 3321 quo
194 3238 279 3305 volui
306 3260 403 3305 sensu
429 3236 469 3304 de
497 3234 681 3325 έξυρημένῳ
704 3233 895 3323 capiatur.*)
938 3233 1011 3300 Non
1033 3234 1138 3300 minus

114 3340 222 3408 incerta
239 3342 395 3429 scriptura
411 3350 460 3407 est
478 3363 586 3406 eorum
604 3362 687 3425 quae
704 3338 790 3405 1156
809 3360 878 3423 sqq.
895 3337 1056 3424 leguntur:

254 3442 291 3513 ὃν
310 3440 353 3511 h's’
369 3441 522 3528 ἐπίδοιμι
539 3443 697 3521 τευθίδος

255 3546 418 3631 δεόμενον,
437 3546 458 3634 ἢ
479 3543 511 3613 δ’
527 3541 704 3633 ὠπτημένη

255 3649 394 3732 σίζουσα
411 3649 563 3740 πάραλος
581 3647 640 3716 ἐπὶ
655 3648 820 3738 τραπέζης
838 3651 967 3733 κειμένη

256 3750 395 3821 ὀκέλλοι.

114 3855 236 3946 Optime
259 3856 372 3924 dehis
397 3856 528 3923 meritus
554 3839 604 3922 est
624 3855 844 3935 Hamakerus,
871 3853 927 3941 qui
953 3854 1039 3940 quod
1065 3877 1141 3920 sane

116 3991 322 4003 ——--——-

173 4048 203 4121 1)
221 4039 369 4105 Nanekius
381 4041 507 4099 Bullatin
524 4039 560 4098 dc
572 4041 682 4097 l'Acad.
696 4038 734 4097 de
747 4039 788 4097 st.
801 4039 1002 4115 Petersbourg.
1019 4040 1074 4096 vol.
1088 4041 1141 4098 Vl.
1190 3994 1194 4002 ι

114 4148 137 4203 p.
146 4133 186 4189 66.
200 4132 253 4188 τὸν
266 4132 407 4206 ξυγγραφῆ
420 4128 526 4186 delevit
539 4128 694 4199 eademque
708 4145 796 4199 opera
809 4126 840 4182 in
848 4127 1050 4200 antistrophicc
1059 4144 1142 4183 versu

112 4219 268 4291 ννατιρινόν
280 4215 427 4288 expunxit,
446 4232 565 4287 quorum
579 4232 671 4286 neque
680 4215 734 4269 hoe
744 4230 837 4285 neque
849 4212 920 4268 illud
928 4226 1062 4286 magnam
1070 4212 1142 4268 seri·

113 4304 172 4360 tatis
184 4304 307 4378 speeiem
321 4302 416 4359 habet.
