2859 4909
516 360 676 416 RANAE.

520 497 572 556 Vs.
591 498 667 553 1030.

221 608 345 672 ,ταῦτα
362 599 425 692 γὰρ
444 597 566 692 ἄνδρας
582 599 642 691 χρὴ
659 600 803 690 ποιητὰς
822 599 943 673 druto.

98 796 101 799 ⁴
148 722 235 788 Dixit
251 723 286 789 in
302 722 565 809 praecedentibus
584 722 768 810 Aeschylus
786 746 821 790 se
839 724 924 792 edita
940 724 1112 794 Persarum

97 825 188 890 fabula
211 825 331 912 gloriae
358 826 568 911 vincendique
589 826 770 912 cupidinem
796 828 829 893 iu
854 829 968 896 animis
994 830 1114 900 civium

98 929 248 1008 excitasse,
267 927 438 1017 κοσμήσας
459 927 553 1015 ἔργον
575 923 721 1017 ἄριστον.
765 930 828 996 His
845 931 942 999 infert
958 932 1013 1000 illa
1029 956 1111 1019 quse

96 1054 176 1116 supra
203 1031 373 1118 adscripsi,
408 1032 441 1097 in
472 1031 588 1117 quibus
619 1027 731 1100 ἀσκεῖν
760 1037 903 1100 meditari
932 1058 997 1102 non
1026 1053 1111 1105 recte

95 1134 196 1200 dicum
211 1145 271 1203 est.
317 1135 426 1220 Quare
443 1135 583 1224 φάσκειν
600 1134 811 1223 corrigebam,
834 1138 887 1203 cui
908 1137 1044 1205 sortasse
1061 1141 1112 1207 iu-

95 1237 161 1302 iuria
179 1238 314 1324 praetuli
330 1240 542 1305 coniecturam
560 1238 737 1305 Hamakeri
754 1239 885 1307 λάσκειν
903 1242 1109 1309 emendantis.

520 1424 570 1482 Vs.
590 1424 667 1480 1070.

130 1525 349 1616 δ’ξεκένωσεν
370 1528 432 1610 τάς
452 1554 489 1596 τε
511 1531 722 1616 παλαίστρας
742 1528 874 1612 καὶτὰς
891 1530 1000 1619 πονδις
1017 1530 1067 1601 ίν-

679 1637 826 1723 ἔτρεψεν.

144 1751 233 1837 'Quae
263 1753 388 1819 intritae
418 1763 509 1819 nates
536 1753 599 1819 siut
620 1776 719 1839 quum
740 1754 874 1842 intelligi
895 1778 1025 1842 prorsus
1047 1780 1112 1825 non

91 1856 190 1942 possit,
209 1878 268 1943 pro
286 1853 456 1944 ἐνέτριψεν
473 1867 528 1922 aut
547 1861 741 1945 συνέτριψεν
759 1869 813 1923 aut
831 1856 1024 1947 ἐπέτριψεν,
1042 1862 1063 1927 i.
1081 1884 1110 1929 e.

86 1962 292 2045 pusnmdcdc't,
317 1958 518 2025 scribendum
541 1982 612 2026 esse
631 1960 785 2046 suspicor.
826 1960 923 2045 Quod
940 1960 1111 2044 ἐξεκένωσε

90 2061 142 2141 τάς
163 2086 198 2130 τε
223 2064 433 2148 παλαίστρας
459 2061 586 2148 scripsit
606 2075 703 2149 poeta
723 2087 782 2151 pro
804 2062 978 2145 ἐξεκίνιοσί
993 2090 1030 2133 τε
1050 2065 1111 2145 τὰς

89 2166 298 2253 παλαίστρας,
317 2166 408 2231 metri
426 2166 614 2231 necessitate
632 2178 762 2233 coactus
782 2167 872 2247 fecit;
898 2191 962 2234 non
979 2191 1110 2255 prorsus

89 2268 238 2337 dissimilis
257 2281 306 2335 est
324 2279 481 2335 structura
498 2266 562 2336 Av.
583 2270 656 2336 777.
675 2292 745 2354 sqq.

519 2455 571 2511 Vs.
590 2456 667 2510 1099.

123 2566 202 2649 μέγα
222 2556 262 2627 τὸ
285 2564 437 2648 πρᾶγμα,
460 2557 547 2627 πολὺ
564 2559 603 2628 τὸ
622 2572 740 2640 νεῖκος,
766 2557 867 2650 ἁδρὸς
884 2557 902 2629 ὃ
921 2562 1068 2648 πόλεμος

678 2663 815 2752 ἔρχεται,

120 2755 262 2850 χαλεπὸν
280 2755 337 2833 οὖν
355 2763 448 2851 ἔργον
467 2766 618 2854 διαιρεῖν,

123 2865 197 2938 ὅταν
216 2869 234 2936 ὃ
253 2869 313 2952 μὲν
329 2873 418 2956 τείνῃ
435 2874 565 2953 βιαίοις,

108 2962 140 3039 ’δ
161 2968 192 3040 δ’
211 2971 473 3059 ἐπαναστρέφειν
492 2972 627 3058 δύνηται
643 2969 907 3060 κάπερείδεσθαι
924 2982 1040 3061 τορῶς.

140 3092 348 3159 Insolentiam
377 3091 524 3159 dictionis
556 3087 696 3181 διαιρεῖν
731 3093 879 3178 πόλεμον
914 3095 982 3161 tolli
1015 3118 1110 3182 posse

86 3196 298 3263 existimabam
330 3195 517 3282 corrigendo
542 3194 689 3278 χαλεπὸν
715 3186 772 3264 οὖν
797 3194 933 3284 τοῦργον
960 3198 1109 3284 διαιρεῖν,

86 3321 150 3364 cum
169 3298 237 3364 vidi
258 3296 439 3363 Nauckium
460 3298 601 3364 Bulletin
624 3299 665 3364 de
685 3299 705 3363 l’
723 3298 825 3364 Acad.
849 3300 889 3365 do
913 3298 961 3366 st.
984 3300 1112 3366 Peters-

83 3401 178 3490 bourg
193 3401 257 3467 vol.
276 3400 337 3468 VI.
355 3422 386 3486 p.
405 3401 457 3467 60.
481 3400 604 3487 ἔχθραν
625 3422 694 3487 ρτο
707 3400 800 3489 ἔργον
822 3404 993 3489 corrigere,
1016 3403 1110 3469 allato

84 3504 258 3593 Phrynicho
284 3502 388 3569 Bekk.
415 3527 447 3591 p.
475 3504 606 3584 36,14.
635 3504 775 3593 διαιρεῖν
802 3504 939 3594 ἐ’χθραν·
967 3505 1110 3573 διαλύειν

84 3610 131 3675 καὶ
148 3609 336 3696 διακρίνειν.
947 3631 949 3634 ·

437 3799 440 3803 ·
519 3776 666 3834 Vs1122.

171 3857 307 3973 tiootcpipcv
322 3879 384 3970 γὰρ
402 3872 440 3970 ἦν
458 3880 491 3948 ἓν
508 3887 549 3971 τῇ
566 3883 689 3973 φράσει
706 3888 772 3950 τῶν
790 3882 1002 3970 πραγμάτων.

140 4002 263 4069 Versus
295 4001 381 4069 haud
412 4003 507 4071 dubie
540 4005 677 4092 spurius.
729 4003 815 4069 Nihil
845 4004 878 4069 in
909 4005 1112 4093 prologorum

83 4106 329 4192 Aeschyleorum
361 4129 496 4177 censura
520 4107 694 4194 Euripides
723 4106 924 4193 reprehendit
955 4110 1039 4195 quod
1071 4110 1111 4175 ad

84 4208 223 4276 dictionis
241 4208 446 4278 obsuritatem
463 4211 497 4276 in
514 4209 610 4277 rebus
628 4211 810 4277 enarrandis
827 4213 992 4298 pertineat.
