2859 4909
721 380 843 440 Avus.

718 520 767 578 Vs.
785 521 846 575 492.

434 631 469 696 οἳ
486 626 523 693 δδ
539 620 707 711 βαδίζοντ’
725 621 973 712 ὖπαδήσαμενοι
989 625 1123 715 νύκτωρ.

328 747 382 815 Ι)ε
399 746 450 814 his
468 769 569 835 nuper
586 746 774 813 Theodorus
787 745 884 812 Kock
897 745 1038 812 Exercit.
1053 747 1120 812 crit.
1134 768 1168 833 p.
1187 747 1243 812 10.
1258 767 1306 830 sq.

264 861 331 919 tam
349 849 504 917 subtiliter
517 858 549 915 et
562 859 653 916 acute
667 848 848 937 disputavit,
866 859 902 915 ut
915 848 1044 916 difficile
1060 849 1100 916 sit
1114 843 1308 916 ἀποδύσον-

174 1009 184 1026 ,
263 979 319 1035 τες
345 953 513 1042 corrigenti
538 974 704 1019 assensum
731 974 857 1039 negare.
902 950 1024 1018 Verum
1049 962 1170 1031 tamen,
1204 974 1308 1037 quum

265 1058 345 1125 haec
367 1078 568 1143 nequequam
589 1055 692 1123 facilis
714 1065 746 1121 et
768 1054 915 1143 expedita
937 1055 978 1122 sit
999 1055 1191 1121 emendandi
1213 1056 1305 1133 ratio,

265 1162 299 1227 in
317 1183 387 1227 eam
404 1160 510 1247 potius
529 1159 716 1227 sententiam
733 1157 859 1237 inclino,
877 1167 914 1223 ut
929 1158 1012 1224 inter
1028 1181 1076 1224 vs.
1094 1159 1156 1225 491
1180 1170 1214 1225 et
1232 1158 1305 1225 492.

265 1263 386 1348 aliquid
407 1263 447 1330 de
468 1262 628 1330 nocturnis
650 1260 884 1350 grassatoribus
906 1261 1026 1327 dictum
1049 1260 1211 1329 excidisse
1240 1271 1305 1327 sta·

266 1379 363 1447 tuam,
381 1388 445 1453 quo
463 1375 555 1454 pacto
568 1365 713 1432 codicum
732 1364 886 1450 scriptura
902 1363 1020 1431 intacta
1039 1366 1156 1431 servari
1174 1366 1304 1452 poterit.

718 1550 768 1607 Vs.
786 1551 846 1605 494.

296 1657 344 1738 εἷς
362 1656 497 1745 δεκάτην
515 1657 577 1746 γάρ
595 1680 679 1724 ποτε
696 1656 1034 1744 παιδαρὶαυαληθεὶς
1055 1652 1222 1724 ὑπέπινον
1245 1653 1279 1722 ἒν

867 1754 975 1838 docet,

295 1860 391 1952 κάρτι
408 1863 591 1952 καθηῦδον,
611 1865 666 1930 καὶ
684 1865 763 1948 πρὶν
782 1862 926 1930 δειπνεῖν
942 1859 1021 1941 τοὺς
1039 1860 1160 1943 ἄλλους
1178 1852 1279 1942 οὗτος

866 1960 916 2052 ἄρ’
936 1954 1023 2053 ᾖσεν.

329 2086 394 2153 Pro
415 2082 510 2176 κάρτι
533 2088 640 2154 nescio
661 2112 703 2153 an
724 2086 839 2153 rectius
863 2085 1018 2152 scribatur
1040 2092 1096 2153 καί
1121 2111 1166 2153 τι.
1213 2084 1301 2169 Quid

265 2191 455 2257 discriminis
472 2190 607 2269 intersit,
631 2190 724 2257 facile
742 2190 876 2258 sentient
893 2189 949 2275 qui
965 2190 1044 2255 haec
1062 2189 1143 2255 inter
1161 2212 1197 2256 se
1216 2211 1302 2255 com-

264 2294 457 2382 paraverint:
492 2293 660 2380 aliquando
682 2292 806 2360 modice
823 2315 874 2359 me
897 2292 1093 2359 inebriabsm
1116 2292 1299 2380 paululum·
1400 2353 1401 2358 ,

264 2418 327 2482 que
344 2395 631 2477 obdormiscebam3
654 2396 786 2463 elterum
804 2418 879 2462 vero
897 2407 959 2464 est:
982 2395 1151 2481 aliquando
1168 2396 1205 2462 in
1222 2394 1300 2461 urbe

265 2521 317 2567 me
333 2499 538 2580 inebriabam,
557 2523 594 2567 ac
611 2501 666 2566 vix
684 2498 944 2578 obdormiveram,
963 2521 1037 2565 cum
1053 2498 1156 2587 gallus
1175 2500 1299 2566 cecinit.

267 2602 413 2687 Quorum
433 2602 494 2670 hoc
521 2604 567 2671 sic
593 2603 712 2671 dictum
739 2611 787 2669 est
813 2602 906 2687 quasi
931 2601 986 2687 qui
1011 2602 1135 2669 modico
1163 2603 1240 2669 vino
1267 2623 1300 2667 se

265 2706 439 2786 invitasset,
458 2707 637 2773 necessario
655 2706 685 2772 ei
702 2705 999 2772 obdormiscendum
1018 2705 1068 2771 sit.

331 2807 505 2896 Sequentia
526 2820 630 2876 autem
652 2809 770 2875 frustra
794 2809 829 2874 in
853 2809 923 2874 vitii
949 2808 1159 2895 suspicionem
1185 2817 1300 2884 vocata

265 2936 337 2980 esse
353 2913 527 3000 intelliges,
550 2914 578 2980 si
598 2936 666 2979 rem
683 2913 727 2979 ita
744 2912 860 2979 factam
879 2934 950 2978 esee
967 2912 1080 3000 fingas.
1124 2911 1298 2999 Euelpides

265 3017 444 3083 Alimusius
463 3016 504 3083 ab
521 3017 623 3083 amico
641 3017 674 3081 in
692 3015 771 3081 urbe
788 3016 948 3094 invitatus,
967 3037 1066 3101 quum
1080 3027 1152 3082 ante
1167 3037 1297 3082 coenam

265 3119 456 3208 largiuscule
477 3118 624 3199 bibisset,
651 3117 856 3197 obdormivit3
885 3131 951 3184 tum
974 3118 1079 3185 subito
1101 3119 1177 3207 galli
1205 3129 1298 3187 cantu
1337 3185 1341 3198 ,

265 3223 521 3310 expergefactus,
548 3223 739 3289 matutinum
761 3231 886 3308 tempus
909 3244 979 3288 esse
1001 3232 1103 3301 ratus,
1130 3235 1298 3309 antequam

264 3327 377 3412 reliqui
393 3326 535 3412 hospites
553 3334 729 3405 coenarent,
747 3348 819 3392 sese
836 3326 988 3412 proripuit
1005 3337 1036 3391 et
1053 3326 1087 3390 in
1103 3326 1298 3413 praedonum

265 3455 378 3498 manus
395 3430 514 3497 incidit
763 3443 768 3451 ‘

716 3599 767 3655 Vs.
785 3600 844 3653 514.
898 3600 901 3604 ’

630 3700 648 3770 δ
666 3701 748 3783 Ζεὺς
764 3702 826 3793 γὰρ
845 3700 863 3771 δ
881 3709 936 3771 νῦν
953 3704 1137 3789 βασιλεύων

265 3804 362 3875 ἀετὸν
380 3804 468 3896 δ’ρνιν
487 3807 617 3896 ἕστηκεν
636 3808 716 3891 ἔχων
740 3805 798 3876 ἐπὶ
819 3813 877 3895 τῆς
898 3809 1043 3896 κεφαλῆς
1064 3803 1220 3892 βασιλεὺς
1242 3800 1293 3882 ι’άν,

266 3909 286 3999 ἡ
306 3907 337 3977 δ’
354 3901 396 3977 αδ
415 3913 565 3999 θυγάτηρ
583 3907 704 3998 γλαῦχ’,
729 3908 747 3979 δ
766 3906 798 3978 δ’
810 3906 977 3979 Ἀπόλλων
996 3904 1112 3998 ὥσπερ
1128 3909 1287 3997 θεράπων

868 4014 992 4102 ἱέρακα.

328 4134 401 4202 Non
432 4134 500 4200 sine
522 4151 628 4201 *causa
659 4136 790 4201 miratur
820 4136 966 4201 Kockius
998 4133 1185 4201 insidentem
1212 4132 1297 4199 Iovis
1399 4201 1401 4208 ,

267 4239 363 4328 capiti
385 4237 523 4325 aquilam
544 4238 712 4323 locumque
735 4240 825 4326 gravi
848 4239 925 4305 vitio
946 4239 1089 4306 laborare
1112 4238 1294 4326 suspicatur.
