2859 4909
501 344 692 403 PLUTUS.

532 482 583 539 Vs.
601 483 660 537 106.

206 586 255 673 μὰ
272 585 329 655 τὸν
347 583 415 669 Δί’,
436 583 475 655 οὗ
493 584 556 677 γὰρ
575 586 664 655 ’ἐστιν
682 582 782 667 ἄλλος
799 583 884 674 πλὴν
903 584 978 674 ἐγώ.

142 710 225 777 Ven.
243 706 330 797 πλὴν
348 706 440 792 ἐμοῦ.
483 708 602 775 Fateor
622 731 675 774 me
696 708 782 774 hunc
799 730 927 773 versum
945 730 1009 774 non
1026 708 1118 774 intel-

84 813 191 899 ligere3
209 834 273 897 quo
290 813 358 878 iure
376 812 462 877 enim
480 834 521 878 ex
538 811 812 898 praecedentibus,
831 804 935 899 ἄνδρα
951 807 1030 890 τοὺς
1041 811 1118 897 τρό-

84 939 163 993 πους
183 916 352 1016 βελτίονα,
375 916 417 981 ad
440 909 541 993 ἄλλος
563 914 727 980 subaudiri
748 914 850 1000 possit
871 910 949 992 τοὺς
970 913 1118 1002 τρόπους

85 1014 210 1104 ἀγαθὸς
227 1041 291 1084 non
308 1018 481 1105 perspici03
506 1028 664 1106 repugnat
682 1017 777 1084 etiam
795 1039 843 1082 vs.
864 1016 937 1082 110.
979 1014 1038 1083 Sin
1055 1015 1118 1083 hoc

85 1121 141 1187 dici
172 1122 286 1187 statuis
317 1145 381 1186 noo
412 1133 455 1187 eat
486 1122 565 1186 aliua
596 1122 716 1198 melior,
753 1118 894 1186 abundat
924 1117 1009 1207 πλὴν
1042 1117 1117 1206 ἐγώ.

86 1223 187 1308 Quare
206 1235 307 1290 totum
325 1246 453 1291 versum
471 1222 641 1289 delendum
659 1234 746 1310 puto.

534 1391 584 1447 Vs.
603 1393 663 1446 119.

182 1495 202 1566 ὅ
220 1496 302 1578 Ζεὺς
319 1498 379 1583 μὲν
396 1493 454 1565 οὖν
472 1492 538 1565 old’
555 1493 601 1576 ὥς
617 1494 660 1563 τὰ
676 1496 803 1564 τούτων
820 1492 903 1585 μῶρ’
918 1492 966 1583 ’ἔμ’
982 1495 1013 1564 el

181 1598 322 1669 πύθοιτ’
340 1599 380 1669 ἂν
398 1599 598 1687 ἐπιτρίψειε.

141 1723 195 1788 Ita
212 1722 292 1789 haec
305 1722 481 1788 correxisse
496 1721 558 1787 sibi
571 1719 719 1786 videntur
731 1721 791 1786 viri
806 1721 891 1787 docti
905 1743 945 1787 ex
957 1744 1058 1809 marg.
1072 1720 1115 1786 A.

34 1859 36 1863 ·
83 1848 151 1891 cum
173 1826 302 1892 codices
324 1847 389 1891 non
412 1819 477 1892 οἷδ’
499 1819 545 1903 ὥς
566 1823 705 1889 habeant
728 1824 786 1890 sed
808 1823 916 1903 εἰδώς.
959 1823 1022 1890 Est
1038 1823 1118 1890 haec

31 1965 36 1999 ῑ
83 1929 209 1994 minime
226 1929 305 1994 felix
323 1927 512 2005 emendatio,
530 1949 593 2012 qua
611 1927 782 1993 durissima
795 1927 963 1993 verborum
977 1927 1118 1994 traiectio
1227 1958 1232 1966 ·

31 2115 32 2120 ρ
84 2032 216 2098 orationi
234 2030 422 2098 obtruditur.
468 2028 680 2097 Scribendum
698 2030 836 2095 videtur:

187 2147 206 2217 ὃ
225 2149 306 2229 Ζεὺς
323 2150 382 2235 μὲν
401 2140 458 2217 οὖν
476 2148 556 2217 ἰδὼν
573 2147 615 2216 τὰ
633 2149 759 2217 τούτων
776 2175 799 2233 μ

186 2250 326 2321 πύθοιτ’
343 2250 382 2321 ἂν
402 2251 602 2341 ἐπιτρίψειε.

83 2373 102 2439 i.
123 2396 151 2440 e.
174 2376 298 2461 Iupiter
319 2377 530 2462 opulentorum
552 2376 714 2440 stultitiam
736 2395 872 2449 οονοοντε,
896 2373 932 2438 de
953 2394 1000 2438 me
1021 2375 1049 2438 ai
1069 2396 1118 2439 re·

33 2513 35 2516 v
82 2480 215 2543 εοίεοενοε
237 2479 348 2559 (sime
370 2478 532 2544 oculorum
554 2477 662 2543 lumen
682 2498 887 2563 recuperasse
909 2475 1116 2557 rescisceret),

81 2582 236 2647 interitum
258 2582 336 2646 milri
356 2593 502 2668 pararet:
529 2578 586 2664 ἐμὲ
608 2591 640 2646 et
661 2604 681 2645 a
702 2579 851 2645 πύθοιτο
874 2589 905 2644 et
927 2578 967 2645 ab
991 2577 1117 2664 ἒπετρί·

30 2719 33 2724 <
81 2694 159 2767 ψειε
185 2706 378 2770 suspensum
406 2695 464 2751 est.
508 2682 563 2749 De
588 2682 744 2769 particula
767 2677 806 2748 dr
830 2682 876 2748 sic
897 2682 1002 2768 posita
1023 2705 1053 2748 v.
1075 2682 1117 2747 ad

81 2785 222 2852 Acheru.
242 2787 316 2853 313.

533 2938 583 2994 Vs.
602 2938 662 2992 205.

643 3040 741 3121 ἐσδὺς
757 3042 821 3128 γάρ
839 3066 922 3109 ποτε

255 3142 313 3213 οὖν
331 3143 415 3229 εἶχεν
434 3144 472 3224 ἐς
485 3143 543 3234 τὴν
562 3145 667 3212 οἰκίαν
686 3141 781 3211 οὐδὲν
799 3146 922 3230 λαβεῖν.

143 3267 197 3333 En
215 3268 330 3332 iterum
347 3267 517 3333 verborum
534 3266 749 3331 traiectionem
772 3265 848 3331 satis
870 3264 1117 3344 memorabilem,

83 3369 139 3436 sed
156 3392 254 3455 quam
271 3369 423 3436 incertam
440 3370 518 3436 facit
535 3367 617 3435 Ven.
637 3369 793 3453 scriptura
809 3365 998 3452 λαμβάνειν,
1021 3369 1073 3434 cui
1091 3370 1118 3436 si

81 3472 158 3557 quid
176 3472 378 3538 tribuendum
396 3482 459 3554 est,
484 3473 627 3539 conicere
645 3470 750 3558 possis
769 3468 817 3550 εἷς
835 3468 941 3537 οἰκίαν
959 3465 1017 3537 οὐκ
1034 3466 1120 3553 εἶχεν

82 3573 176 3643 οὐδὲν
193 3575 382 3660 λαμβάνειν.
426 3575 478 3641 Ac
495 3575 603 3641 nescio
621 3598 662 3639 an
680 3573 831 3639 articulus
849 3573 962 3639 melius
980 3573 1117 3653 abesset,

80 3679 238 3746 nisi‘forte
253 3676 287 3758 te
300 3675 360 3746 τιν’
373 3677 478 3745 οἰκίαν
494 3678 705 3745 scribendum.
743 3675 922 3743 Verborum
936 3674 1118 3743 traiectione

79 3805 157 3849 usus
182 3792 231 3849 est
252 3780 486 3874 Aristophanes
508 3781 603 3848 etiam
631 3803 678 3847 vs.
701 3780 775 3846 911.
804 3774 842 3845 οὗ
868 3776 930 3867 γὰρ
957 3778 1120 3867 προσήκει

30 3901 31 3982 t
78 3883 136 3975 τὴν
155 3883 299 3969 ἐμαυτοῦ
316 3909 377 3968 μοι
394 3883 493 3951 πόλιν
511 3880 699 3973 εὐεργετεῖν,
718 3893 754 3948 ut
767 3882 829 3949 alia
842 3881 994 3948 omittam.
1038 3881 1119 3949 Post

30 3989 31 3996 ’
79 4012 128 4055 vs.
156 3989 231 4055 207.
264 3987 421 4055 excidisse
451 3987 571 4073 aliquid
600 3988 635 4052 in
664 3986 748 4053 hanc
774 3986 962 4053 sententiam
988 3985 1118 4064 dictum,

30 4135 31 4158 r
80 4087 150 4162 ἀλλ’
172 4089 210 4160 οὗ
227 4093 343 4178 βλέπω
360 4089 439 4179 γάρ,
459 4085 546 4159 ὥστε
563 4095 628 4157 τῶν
647 4087 735 4174 ἐμῶν
752 4102 896 4177 κρατεῖν,
916 4111 990 4155 vere
1008 4089 1120 4175 opinor

30 4225 31 4278 ς
79 4195 237 4262 intellexit
253 4195 424 4282 Adolphus
444 4195 485 4260 de
502 4194 633 4262 Velsen.

30 4311 31 4322 ¹
131 4314 240 4366 lletrreke,
254 4314 364 4359 Vindictae
374 4314 486 4368 tristoph.
860 4297 902 4360 14
