2859 4909
451 343 787 405 AcnnRNENsus.
1099 333 1140 400 19
1156 397 1163 410 ,

111 485 199 549 aliter
209 484 282 549 item
296 483 513 551 Hoffmannus
526 484 730 552 Jnhrbiicher
741 486 795 553 fiir
807 486 901 553 class.
915 485 1029 553 Philel.
1044 488 1138 556 1863.

110 611 142 674 p.
161 587 230 653 239.
249 582 328 668 [ἀλλ’
345 581 398 654 ὅδ’
414 578 470 656 οὖν
488 592 558 666 τεᾶς
575 583 715 671 ἆνεῑλταί
731 585 758 656 τ’
775 587 833 656 ἐντί
849 586 888 656 τὸ
907 588 1052 659 δεῖπνον.

172 690 400 757 Recentissima
426 702 529 758 aetate
551 691 711 759 Henricus
737 715 800 759 van
822 692 1018 760 Herwerden
1038 692 1139 761 Novis

109 793 193 859 Add
207 793 273 859 crit.
292 794 334 859 ad
351 793 481 881 Fragm.
497 793 589 861 Com.
607 817 710 882 graec
728 818 760 883 p.
774 796 827 863 33.
844 795 996 863 indicavit
1012 797 1141 864 Aristo-

110 896 219 983 phanis
239 895 345 963 locum
366 897 400 963 in
417 897 499 965 Rau.
518 898 565 965 sic
582 899 736 986 scriptum
753 898 818 987 legi
835 896 1023 989 ἐπτέρωταί
1038 896 1066 967 τ’
1082 897 1141 968 λιτὶ

110 997 148 1067 τὸ
167 999 305 1080 δεῖπνον,
326 1000 412 1085 quod
430 1023 507 1068 sane
524 1001 640 1067 mirum
657 1012 707 1067 est
724 1001 864 1069 Bekkeri
882 1002 991 1070 oculos
1008 1004 1140 1092 fugisse.

548 1195 599 1253 Vs.
619 1196 695 1251 1035.

211 1296 283 1366 οὐδ’
300 1295 342 1367 ἂν
359 1300 591 1390 στριβιλικίγξ·
609 1296 679 1368 ἀλλ’
695 1295 807 1368 nimrim
825 1300 948 1387 οἴμωζέ
964 1321 1052 1368 ποκ’
1071 1290 1088 1304 ’

173 1419 242 1486 Non
267 1420 362 1487 credo
388 1419 451 1487 boc
477 1444 590 1487 sanum
616 1444 696 1488 esse.
740 1421 881 1506 Requirc
908 1420 1142 1488 substantivum

117 1545 168 1610 pro
178 1523 335 1602 adverbio,
353 1546 417 1608 quo
434 1524 468 1590 in
481 1524 537 1590 tali
551 1524 692 1591 oratione
708 1524 743 1589 in
759 1525 847 1591 nulla
863 1524 973 1613 lingua
989 1524 1037 1590 uti
1052 1524 1141 1604 licet3

118 1648 152 1692 ac
170 1649 207 1692 ne
228 1623 305 1693 οὐδὲ
326 1632 387 1715 γρῦ
409 1627 571 1706 obvertas',
594 1627 656 1694 hoc
678 1649 804 1714 quoque
826 1627 1059 1695 substantivum
1082 1639 1140 1694 est

120 1728 214 1796 Credo
234 1730 331 1817 igitur
352 1732 572 1817 οτριβιλίκιγξ
593 1730 828 1797 substantivum
847 1753 918 1798 esse
936 1741 969 1797 et
985 1731 1142 1820 guttulam

119 1832 264 1900 denotare
308 1833 423 1920 Itaque
441 1828 667 1923 οτριβιλίκινγ’
687 1834 904 1921 reponendum
921 1834 1076 1923 suspicor.

283 2087 286 2093 ⁴
550 2029 601 2087 Vs.
620 2030 698 2085 1064„

214 2130 305 2202 οἶσθ’
323 2129 370 2213 ὥς
386 2146 517 2201 ποιεῖτε
533 2140 652 2218 τοῦτο,
668 2139 708 2223 τῇ
726 2133 839 2224 νύμφῃ
858 2133 997 2224 φράσον,

214 2233 294 2306 ὅταν
313 2236 521 2324 στρατιώτας
538 2239 754 2325 καταλέγωσι,
773 2242 899 2325 τουτῳί

212 2340 337 2430 νύκτωρ
357 2336 523 2429 ἀλειφέτω
541 2339 581 2408 τὸ
600 2345 683 2422 πέος
700 2346 761 2408 τοῦ
779 2345 936 2430 νυμφίου.

175 2461 223 2527 Ita
243 2484 284 2527 ex
305 2461 387 2528 Rev.
410 2462 603 2550 scripserunt
627 2462 727 2528 critici
747 2483 806 2549 pro
832 2472 993 2529 notrices.
1037 2457 1143 2525 Usum

121 2565 274 2653 unguenti,
292 2566 379 2649 quod
396 2564 601 2652 Dicaeopolis
619 2566 791 2644 infuderat,
809 2563 972 2652 pronubae
989 2562 1145 2629 indicatu-

119 2691 166 2734 rus
185 2692 247 2734 non
272 2668 377 2755 potuit
397 2690 549 2753 quaerere
572 2691 613 2734 ex
635 2691 673 2735 ea
695 2663 787 2735 οἶσθ’
808 2663 855 2747 ὣς
876 2678 1007 2735 ποιεῖτε
1027 2670 1145 2750 τοῦτο,

119 2776 225 2839 κοιλίαι
242 2796 303 2861 quo
315 2784 410 2859 pacto
425 2772 498 2837 Ιιοιο
508 2770 638 2859 facitis?
655 2793 737 2856 quae
749 2770 953 2837 balbutientis
968 2782 1017 2837 est
1030 2771 1144 2851 orati03

118 2875 244 2943 debebat
276 2870 367 2942 οἶσθ’
397 2869 445 2954 ὥς
474 2873 643 2962 χρήσεσθε
677 2873 787 2961 τούτῳ
823 2875 875 2942 vel
911 2874 1006 2941 simili
1039 2875 1145 2941 modo.

118 2977 278 3045 Praeterea
298 2977 354 3044 vix
379 3000 494 3065 graece
521 2978 641 3043 dictum
668 2988 717 3044 est
742 2983 783 3067 τῇ
809 2977 921 3066 νύμφῃ
950 2977 1080 3065 φράσον
1103 3016 1146 3027 -

119 3076 289 3171 ἀλειφέτω,
313 3105 371 3168 pro
390 3078 555 3169 ἀλείφειν,
579 3082 612 3146 in
630 3102 693 3166 quo
711 3082 816 3147 haesit
832 3082 927 3148 etiam
943 3080 1145 3168 Blaydesius.

119 3184 180 3254 Has
202 3185 244 3253 ob
267 3207 382 3251 causas
405 3207 443 3251 eo
465 3184 621 3250 adductus
640 3207 712 3251 sum
730 3195 765 3250 ut
782 3194 1029 3276 totumversum
1047 3185 1148 3250 elimi-

119 3312 232 3369 narem,
260 3288 302 3354 ab
328 3288 614 3375 interpolatore-eo
637 3287 768 3355 consilio
790 3288 925 3366 factum,
952 3288 1064 3372 utqui
1085 3287 1147 3374 ipsi

118 3390 220 3459 deesse
244 3391 418 3469 videretur,
446 3391 645 3476 sequentium
663 3413 736 3457 cum
754 3388 1011 3457 antecedentibus
1029 3412 1147 3455 nexum

119 3516 299 3580 quocunque
321 3494 417 3561 modo
439 3495 628 3561 restitueret.
672 3492 820 3580 Eamque
842 3491 1030 3560 sententiam
1051 3491 1147 3558 etiam

122 3621 195 3665 nune
220 3610 330 3677 teneo,
366 3598 423 3664 sed
450 3609 484 3664 ut
513 3598 652 3664 secundo
679 3620 775 3664 versu
802 3591 914 3681 χῶταν
944 3594 1148 3663 scribendum

122 3702 301 3769 existimem.

556 3868 606 3926 Vs.
626 3869 703 3925 1084.

215 3974 298 4059 αἰαῖ,
317 3980 392 4043 τίνα
411 3971 442 4041 d’
459 3964 501 4041 αὖ
518 4001 577 4059 μοι
595 3980 792 4064 προστρέχει
809 4000 862 4055 τις
879 3971 1024 4064 ἀγγελῶν
1029 4004 1042 4060 ,·

84 4120 87 4130 ·
178 4095 268 4164 Haec
295 4095 535 4184 Dicaeopolidis
561 4095 659 4163 verba
685 4107 759 4163 sunt
787 4096 919 4163 ridentis
949 4097 1151 4164 Lamachum

127 4198 171 4281 qui
184 4211 315 4285 questus
334 4209 400 4267 erat
419 4198 501 4282 αἷαῖ,
522 4197 598 4268 οἵαν
613 4195 632 4267 ὁ
649 4197 753 4289 κήροξ
769 4194 1065 4339 ἆγγελίανῧῆγγειλί
1080 4224 1151 4284 μοι.

892 4305 913 4369 2
