2859 4909
297 420 341 485 78
738 376 889 475 nnsss

297 576 420 640 incerta
441 575 490 631 est
512 560 703 637 emendeti03
726 558 798 642 quis
821 556 904 621 enim
926 561 1063 640 praestet
1084 574 1148 615 non
1166 547 1356 635 scripsisse

299 670 550 757 Aristophanem
568 666 623 730 καὶ
640 662 807 729 τούτοισιν
824 661 988 746 προσέχῃς
1008 654 1066 723 τὸν
1083 651 1178 721 rozir?

367 776 447 842 Post
463 795 494 836 v.
514 768 608 836 1014.
630 765 749 850 aliquid
767 762 922 829 excidisse
941 759 1084 846 suspicor
1100 757 1186 842 quod
1204 779 1357 842 respon·

299 884 376 949 dest
389 876 493 945 verbis
508 872 670 960 ψήφισμα
684 865 817 952 μακρόν.
844 864 884 930 In
898 861 1101 949 sequentibus
1114 870 1197 927 recte
1209 860 1357 925 Biiche-

303 988 387 1053 lerus
409 976 585 1063 transponit
609 973 702 1040 1017.
731 973 849 1055 πρῶτα
870 967 928 1053 μὲν
953 965 1035 1048 ἕξεις
1057 968 1183 1051 στῆθος
1202 963 1353 1041 λεπτόν,

252 1101 255 1106 “
300 1083 417 1178 χροιὰν
437 1079 553 1170 ὠχράν,
574 1073 686 1163 ὠμοὺς
702 1070 848 1162 μικρούς.

749 1233 798 1289 Vs.
817 1232 893 1287 1048.

303 1361 360 1424 καί
377 1378 435 1438 μοι
454 1346 593 1438 φράσον,
611 1347 677 1409 τῶν
694 1345 754 1407 τοῦ
773 1335 854 1417 Διὸς
872 1336 1003 1404 παίδων
1019 1330 1077 1401 τίν’
1093 1330 1181 1419 ἀνέρ’
1198 1328 1352 1422 ἀρισσαν

304 1456 412 1547 ψυχὴν
429 1451 584 1537 νομίζεις,
605 1445 693 1526 εἶπέ,
712 1444 768 1510 καὶ
785 1443 961 1537 πλείστους
978 1438 1101 1517 πόνους
1118 1442 1281 1525 πονῆσαι.

367 1578 448 1645 Rev.
467 1583 499 1638 et
515 1571 598 1638 Ven.
622 1563 753 1633 παίδων
775 1563 935 1640 omittunt3
959 1561 1043 1626 unde
1065 1559 1208 1626 conicere
1232 1558 1352 1624 licebit

302 1680 471 1754 excidisse,
489 1673 574 1759 quod
593 1691 687 1756 saepe
702 1667 827 1746 excidit,
845 1666 879 1730 in
891 1665 954 1731 fine
967 1686 1078 1729 versus
1092 1662 1226 1728 verbum
1243 1658 1348 1727 εἶναι.

368 1785 428 1852 Vs.
448 1778 542 1845 1052.
565 1797 638 1841 cum
655 1769 798 1858 Reisigio
817 1768 953 1834 scribere
970 1766 1124 1832 debebam
1141 1762 1233 1832 ταῦτ’
1252 1763 1352 1832 ἐστὶν

303 1883 374 1957 αὕτ’
396 1883 511 1952 ἐκεῖνα.

749 2008 799 2065 Vs.
818 2008 894 2062 1061.

481 2121 537 2188 δια
554 2142 592 2185 ιο
611 2126 795 2205 σωφρονεῖν
812 2118 859 2200 τῷ
878 2106 1009 2178 πώποτ’
1026 2107 1110 2190 εἶδες
1127 2106 1189 2199 ἤδη

328 2230 459 2320 ἀγαθόν
476 2250 509 2292 τι
527 2221 710 2311 γενόμενον,
730 2216 860 2306 φράσον
877 2216 933 2282 καὶ
948 2211 980 2299 μ’
997 2212 1158 2302 ἐξέλεγξον
1177 2211 1297 2279 εἰπών.

372 2349 490 2418 Adhuc
510 2356 602 2410 teneo
625 2340 709 2425 quod
731 2338 764 2404 in
781 2336 981 2403 annotatione
1004 2336 1110 2400 critica
1127 2334 1220 2399 unius
1239 2333 1347 2421 apicis

306 2455 480 2524 mutatione
503 2445 705 2515 scribendum
723 2463 793 2507 esse
812 2439 931 2506 conieci
949 2437 1078 2527 φράσον
1095 2439 1151 2504 καὶ
1167 2432 1199 2522 μ’
1216 2435 1348 2524 ἐξέλεγ-

306 2564 364 2643 ξον
382 2554 486 2641 εὑρών
504 2555 552 2618 dic
570 2562 597 2616 et
618 2570 665 2613 me
685 2545 801 2632 reseda
824 2546 852 2608 si
872 2546 1039 2629 reppereris
1062 2546 1142 2627 (quo
1164 2564 1215 2606 me
1237 2541 1349 2605 refelli

307 2684 403 2752 posse
417 2657 541 2734 credis),
560 2652 645 2737 quod
660 2648 738 2715 mihi
751 2646 878 2732 quidem
896 2645 1025 2733 vulgata
1043 2646 1206 2731 scriptura,
1225 2644 1349 2728 inqua
1420 2681 1421 2684 =

307 2788 365 2854 pro
388 2757 491 2829 εἰπὼν
513 2777 662 2844 praesens
675 2764 809 2837 tempus
831 2750 970 2834 requiro,
994 2760 1025 2813 et
1046 2749 1188 2836 argutius
1211 2757 1243 2813 et
1265 2770 1348 2812 vero

304 2869 402 2936 etiam
428 2863 543 2929 rectius
570 2859 689 2923 dictum
710 2854 844 2919 videtur.
889 2851 942 2919 Cf.
966 2851 1090 2919 Eccles.
1113 2852 1186 2917 607.
1215 2847 1255 2917 σὺ
1279 2848 1348 2939 γὰρ
1420 2867 1421 2870 ’

310 2966 449 3056 ἐξευρὼν
467 2961 655 3042 ἀπόδειξον.

372 3073 431 3140 Vs.
456 3068 551 3135 1066.
573 3085 657 3130 nunc
679 3061 848 3146 acquiesco
870 3060 903 3124 in
925 3058 1080 3145 scriptura
1101 3057 1348 3123 Hermanniana
1420 3043 1421 3062 ¹

308 3173 394 3245 ἀλλὰ
411 3169 459 3258 μὰ
477 3165 531 3238 Δί’
550 3163 588 3235 od
607 3164 781 3250 μάχαιραν.

605 3407 608 3410 Δ
752 3323 802 3380 Vs.
821 3323 897 3378 1075.

353 3438 426 3509 εἷεν.
453 3429 587 3522 πάρειμ’
605 3430 756 3499 ἐντεῦθεν
775 3425 807 3507 ές
825 3426 884 3507 τὰς
901 3432 959 3514 τῆς
977 3426 1109 3516 φάσεως
1127 3422 1281 3512 ἀνάγκας.

372 3561 444 3626 Non
461 3555 574 3622 iniuria
591 3551 693 3617 haesit
710 3550 876 3635 Kayserus
898 3549 931 3612 in
952 3545 1049 3612 verbo
1073 3544 1228 3632 πάρειμι,
1256 3546 1348 3631 quod

305 3664 371 3750 ipsi
388 3660 506 3742 ἀνειμι,
525 3657 602 3722 mihi
619 3657 751 3738 μέτειμι
769 3651 968 3718 scribendum
987 3650 1119 3714 videtur.
1156 3648 1226 3716 Csr.
1247 3650 1346 3715 1408.

307 3764 413 3831 ἐκεῖσε
438 3757 467 3827 d'
489 3756 570 3826 ὅθεν
593 3754 778 3838 ἀπέσχισάς
800 3779 841 3839 με
863 3759 921 3821 τοῦ
945 3752 1042 3839 λόγου
1065 3747 1207 3835 μέτειμι.
1252 3752 1347 3839 Kay-

307 3866 373 3933 seri
389 3864 469 3930 ratio
486 3862 557 3926 ideo
575 3860 700 3948 probari
718 3882 782 3924 non
803 3866 922 3943 potest,
946 3851 1118 3940 quodeier
1140 3849 1252 3920 ultima
1273 3878 1349 3941 pro-

205 3984 207 3987 ’
311 3969 406 4034 ducta
427 3987 490 4029 non
513 3963 626 4027 dicitur
646 3962 708 4027 nisi
729 3962 762 4025 in
784 3959 920 4025 formula
943 3955 1006 4025 εἶεν
1030 3953 1149 4025 ἀκούω.
1195 3957 1238 4024 V.
1257 3957 1345 4041 Eque
1420 3991 1421 4000 ν

224 4114 227 4118 -
306 4070 384 4137 663.
415 4064 548 4149 Aschyl.
565 4063 709 4149 Choeph.
724 4062 797 4129 665.
841 4062 881 4127 In
899 4071 1050 4146 sequente
1067 4083 1162 4126 versu
1181 4081 1256 4125 oum
1274 4061 1346 4125 aliis
1420 4071 1421 4136 j

224 4237 227 4242 .
310 4176 392 4246 Rev.
411 4179 443 4235 et
460 4166 541 4232 Ven.
562 4166 749 4251 scripturam
767 4176 918 4250 sequutus
938 4187 1023 4241 sum,
1042 4186 1116 4229 cum
1133 4162 1231 4250 vulgo
1250 4188 1348 4229 κατε-
1420 4231 1421 4240 ¹

306 4276 444 4363 λήφθνρς
466 4269 603 4356 legatum
614 4277 617 4282 '
629 4268 737 4334 nescio
760 4265 864 4334 tamen
882 4291 923 4333 an
940 4276 1078 4353 praestet
1097 4263 1297 4351 ἐμοίχευσάς
1314 4266 1349 4333 r'e
1420 4255 1421 4292 ³
