<?xml version="1.0" encoding="UTF-8"?>
<!DOCTYPE html PUBLIC "-//W3C//DTD XHTML 1.0 Transitional//EN"
    "http://www.w3.org/TR/xhtml1/DTD/xhtml1-transitional.dtd">
<html xmlns="http://www.w3.org/1999/xhtml" xml:lang="en" lang="en">
 <head>
  <title>
</title>
<meta http-equiv="Content-Type" content="text/html;charset=utf-8" />
  <meta name='ocr-system' content='tesseract 3.04.00' />
  <meta name='ocr-capabilities' content='ocr_page ocr_carea ocr_par ocr_line ocrx_word'/>
</head>
<body>
  <div class='ocr_page' id='page_1' title='image "./vindiciarumaris00meingoog_0240.png"; bbox 0 0 2859 4909; ppageno 0'>
   <div class='ocr_carea' id='block_1_1' title="bbox 705 351 890 410">
    <p class='ocr_par' dir='ltr' id='par_1_1' title="bbox 705 351 890 410">
     <span class='ocr_line' id='line_1_1' title="bbox 705 351 890 410; baseline -0.005 -2"><span class='ocrx_word' id='word_1_1' title='bbox 705 351 890 410; x_wconf 83' lang='lat' dir='ltr'>PLUTUS.</span> 
     </span>
    </p>
   </div>
   <div class='ocr_carea' id='block_1_2' title="bbox 279 491 1312 907">
    <p class='ocr_par' dir='ltr' id='par_1_2' title="bbox 279 491 1312 907">
     <span class='ocr_line' id='line_1_2' title="bbox 722 491 868 546; baseline -0.007 0"><span class='ocrx_word' id='word_1_2' title='bbox 722 491 772 546; x_wconf 86' lang='lat' dir='ltr'>Vs.</span> <span class='ocrx_word' id='word_1_3' title='bbox 791 491 868 545; x_wconf 81' lang='grc'><strong>1061.</strong></span> 
     </span>
     <span class='ocr_line' id='line_1_3' title="bbox 420 591 1159 685; baseline -0.003 -21"><span class='ocrx_word' id='word_1_4' title='bbox 420 595 544 665; x_wconf 87' lang='grc' dir='ltr'><strong><em>πλυνόν</em></strong></span> <span class='ocrx_word' id='word_1_5' title='bbox 559 620 602 680; x_wconf 81' lang='grc' dir='ltr'><strong><em>με</em></strong></span> <span class='ocrx_word' id='word_1_6' title='bbox 623 600 733 663; x_wconf 80' lang='grc' dir='ltr'><strong><em>ποιῶν</em></strong></span> <span class='ocrx_word' id='word_1_7' title='bbox 750 593 784 663; x_wconf 82' lang='grc' dir='ltr'>δν</span> <span class='ocrx_word' id='word_1_8' title='bbox 800 594 974 676; x_wconf 79' lang='grc' dir='ltr'><strong><em>τοσούτοις</em></strong></span> <span class='ocrx_word' id='word_1_9' title='bbox 992 591 1159 685; x_wconf 74' lang='grc' dir='ltr'><strong><em>ἀνδράσιν.</em></strong></span> 
     </span>
     <span class='ocr_line' id='line_1_4' title="bbox 343 710 1309 804; baseline -0.002 -19"><span class='ocrx_word' id='word_1_10' title='bbox 343 715 417 785; x_wconf 85' lang='lat' dir='ltr'>Non</span> <span class='ocrx_word' id='word_1_11' title='bbox 436 715 599 804; x_wconf 82' lang='lat' dir='ltr'>itelligitur</span> <span class='ocrx_word' id='word_1_12' title='bbox 620 716 676 802; x_wconf 91' lang='lat' dir='ltr'>qui</span> <span class='ocrx_word' id='word_1_13' title='bbox 697 715 761 784; x_wconf 89' lang='lat' dir='ltr'>sint</span> <span class='ocrx_word' id='word_1_14' title='bbox 785 716 832 782; x_wconf 90' lang='lat' dir='ltr'>illi</span> <span class='ocrx_word' id='word_1_15' title='bbox 856 720 1013 783; x_wconf 84' lang='grc' dir='ltr'><strong><em>τοσοῦτοι</em></strong></span> <span class='ocrx_word' id='word_1_16' title='bbox 1038 710 1168 803; x_wconf 71' lang='grc' dir='ltr'><strong><em>ἄνδρες,</em></strong></span> <span class='ocrx_word' id='word_1_17' title='bbox 1194 716 1309 802; x_wconf 88' lang='lat' dir='ltr'>quibus</span> 
     </span>
     <span class='ocr_line' id='line_1_5' title="bbox 279 818 1312 907; baseline -0.005 -17"><span class='ocrx_word' id='word_1_18' title='bbox 279 844 386 890; x_wconf 88' lang='lat' dir='ltr'>coram</span> <span class='ocrx_word' id='word_1_19' title='bbox 404 842 439 887; x_wconf 88' lang='lat' dir='ltr'>se</span> <span class='ocrx_word' id='word_1_20' title='bbox 456 818 593 886; x_wconf 89' lang='lat' dir='ltr'>ludibrio</span> <span class='ocrx_word' id='word_1_21' title='bbox 609 818 720 885; x_wconf 88' lang='lat' dir='ltr'>haberi</span> <span class='ocrx_word' id='word_1_22' title='bbox 738 842 819 885; x_wconf 90' lang='lat' dir='ltr'>anus</span> <span class='ocrx_word' id='word_1_23' title='bbox 836 819 1050 904; x_wconf 74' lang='lat' dir='ltr'>conqueritur,</span> <span class='ocrx_word' id='word_1_24' title='bbox 1073 841 1172 905; x_wconf 89' lang='lat' dir='ltr'>quum</span> <span class='ocrx_word' id='word_1_25' title='bbox 1189 828 1312 907; x_wconf 90' lang='lat' dir='ltr'>praeter</span> 
     </span>
    </p>
   </div>
   <div class='ocr_carea' id='block_1_3' title="bbox 279 920 1311 1113">
    <p class='ocr_par' dir='ltr' id='par_1_3' title="bbox 279 920 1311 1113">
     <span class='ocr_line' id='line_1_6' title="bbox 279 920 1311 1008; baseline -0.004 -15"><span class='ocrx_word' id='word_1_26' title='bbox 279 923 526 1003; x_wconf 74' lang='lat' dir='ltr'>adolescentem,</span> <span class='ocrx_word' id='word_1_27' title='bbox 550 944 688 1008; x_wconf 89' lang='lat' dir='ltr'>quocum</span> <span class='ocrx_word' id='word_1_28' title='bbox 708 921 816 988; x_wconf 82' lang='lat' dir='ltr'>vetula</span> <span class='ocrx_word' id='word_1_29' title='bbox 832 920 1034 1007; x_wconf 81' lang='lat' dir='ltr'>colloquitur,</span> <span class='ocrx_word' id='word_1_30' title='bbox 1057 945 1140 989; x_wconf 89' lang='lat' dir='ltr'>unus</span> <span class='ocrx_word' id='word_1_31' title='bbox 1162 923 1194 987; x_wconf 91' lang='lat' dir='ltr'>in</span> <span class='ocrx_word' id='word_1_32' title='bbox 1217 945 1311 989; x_wconf 79' lang='lat' dir='ltr'>scens</span> 
     </span>
     <span class='ocr_line' id='line_1_7' title="bbox 279 1024 1034 1113; baseline -0.008 -18"><span class='ocrx_word' id='word_1_33' title='bbox 279 1028 363 1096; x_wconf 89' lang='lat' dir='ltr'>adsit</span> <span class='ocrx_word' id='word_1_34' title='bbox 381 1025 583 1112; x_wconf 87' lang='lat' dir='ltr'>Chremylus.</span> <span class='ocrx_word' id='word_1_35' title='bbox 625 1024 711 1091; x_wconf 89' lang='lat' dir='ltr'>Num</span> <span class='ocrx_word' id='word_1_36' title='bbox 729 1035 921 1113; x_wconf 78' lang='lat' dir='ltr'>spectatores</span> <span class='ocrx_word' id='word_1_37' title='bbox 939 1024 1034 1090; x_wconf 78' lang='lat' dir='ltr'>dicit?</span> 
     </span>
    </p>
   </div>
   <div class='ocr_carea' id='block_1_4' title="bbox 723 1210 869 1266">
    <p class='ocr_par' dir='ltr' id='par_1_4' title="bbox 723 1210 869 1266">
     <span class='ocr_line' id='line_1_8' title="bbox 723 1210 869 1266; baseline -0.014 0"><span class='ocrx_word' id='word_1_38' title='bbox 723 1211 773 1266; x_wconf 83' lang='lat' dir='ltr'>Va.</span> <span class='ocrx_word' id='word_1_39' title='bbox 793 1210 869 1266; x_wconf 84' lang='lat'>1083.</span> 
     </span>
    </p>
   </div>
   <div class='ocr_carea' id='block_1_5' title="bbox 475 1315 1127 1509">
    <p class='ocr_par' dir='ltr' id='par_1_5' title="bbox 475 1315 1127 1509">
     <span class='ocr_line' id='line_1_9' title="bbox 858 1315 1122 1406; baseline 0 -23"><span class='ocrx_word' id='word_1_40' title='bbox 858 1315 1122 1406; x_wconf 55' lang='grc' dir='ltr'><strong><em>διεσπλεκωμένῃ</em></strong></span> 
     </span>
     <span class='ocr_line' id='line_1_10' title="bbox 475 1415 1127 1509; baseline -0.002 -20"><span class='ocrx_word' id='word_1_41' title='bbox 475 1417 543 1489; x_wconf 84' lang='grc' dir='ltr'>ὐπὸ</span> <span class='ocrx_word' id='word_1_42' title='bbox 560 1424 686 1509; x_wconf 85' lang='grc' dir='ltr'><strong><em>μορίων</em></strong></span> <span class='ocrx_word' id='word_1_43' title='bbox 704 1415 786 1485; x_wconf 77' lang='grc' dir='ltr'><strong><em>ἐτῶν</em></strong></span> <span class='ocrx_word' id='word_1_44' title='bbox 802 1442 840 1485; x_wconf 82' lang='grc' dir='ltr'><strong><em>τι</em></strong></span> <span class='ocrx_word' id='word_1_45' title='bbox 856 1421 913 1486; x_wconf 81' lang='grc' dir='ltr'>καὶ</span> <span class='ocrx_word' id='word_1_46' title='bbox 929 1421 1127 1509; x_wconf 78' lang='grc' dir='ltr'><strong><em>τρισχιλίων.</em></strong></span> 
     </span>
    </p>
   </div>
   <div class='ocr_carea' id='block_1_6' title="bbox 345 1538 1423 1626">
    <p class='ocr_par' dir='ltr' id='par_1_6' title="bbox 345 1538 1423 1626">
     <span class='ocr_line' id='line_1_11' title="bbox 345 1538 1423 1626; baseline 0.002 -18"><span class='ocrx_word' id='word_1_47' title='bbox 345 1542 447 1609; x_wconf 87' lang='lat' dir='ltr'>Miror</span> <span class='ocrx_word' id='word_1_48' title='bbox 466 1541 546 1608; x_wconf 87' lang='lat' dir='ltr'>haec</span> <span class='ocrx_word' id='word_1_49' title='bbox 570 1540 690 1607; x_wconf 78' lang='lat' dir='ltr'>intocts</span> <span class='ocrx_word' id='word_1_50' title='bbox 714 1538 888 1625; x_wconf 86' lang='lat' dir='ltr'>reliquisse.</span> <span class='ocrx_word' id='word_1_51' title='bbox 906 1539 1041 1607; x_wconf 78' lang='lat' dir='ltr'>editores</span> <span class='ocrx_word' id='word_1_52' title='bbox 1068 1541 1310 1620; x_wconf 88' lang='lat' dir='ltr'>recentissimos,</span> <span class='ocrx_word' id='word_1_53' title='bbox 1422 1539 1423 1626; x_wconf 28' lang='grc' dir='ltr'>ᾗ</span> 
     </span>
    </p>
   </div>
   <div class='ocr_carea' id='block_1_7' title="bbox 280 1643 1313 1935">
    <p class='ocr_par' dir='ltr' id='par_1_7' title="bbox 280 1643 1313 1935">
     <span class='ocr_line' id='line_1_12' title="bbox 280 1643 1311 1732; baseline -0.002 -20"><span class='ocrx_word' id='word_1_54' title='bbox 280 1647 337 1732; x_wconf 88' lang='lat' dir='ltr'>qui</span> <span class='ocrx_word' id='word_1_55' title='bbox 368 1644 631 1731; x_wconf 67' lang='grc' dir='ltr'><strong><em>διεσπλεκωμένῃ</em></strong></span> <span class='ocrx_word' id='word_1_56' title='bbox 661 1643 798 1732; x_wconf 77' lang='lat' dir='ltr'>figurato</span> <span class='ocrx_word' id='word_1_57' title='bbox 829 1664 926 1710; x_wconf 83' lang='lat' dir='ltr'>sensu</span> <span class='ocrx_word' id='word_1_58' title='bbox 959 1644 1122 1732; x_wconf 77' lang='lat' dir='ltr'>occepisse</span> <span class='ocrx_word' id='word_1_59' title='bbox 1151 1646 1311 1712; x_wconf 83' lang='lat' dir='ltr'>videntur:</span> 
     </span>
     <span class='ocr_line' id='line_1_13' title="bbox 280 1745 1311 1836; baseline -0.001 -20"><span class='ocrx_word' id='word_1_60' title='bbox 280 1749 378 1836; x_wconf 70' lang='lat' dir='ltr'>longe</span> <span class='ocrx_word' id='word_1_61' title='bbox 407 1769 561 1814; x_wconf 88' lang='lat' dir='ltr'>annorum</span> <span class='ocrx_word' id='word_1_62' title='bbox 590 1746 672 1813; x_wconf 88' lang='lat' dir='ltr'>serie</span> <span class='ocrx_word' id='word_1_63' title='bbox 696 1745 791 1830; x_wconf 81' lang='lat' dir='ltr'>qussi</span> <span class='ocrx_word' id='word_1_64' title='bbox 817 1746 997 1833; x_wconf 77' lang='lat' dir='ltr'>subegitsta</span> <span class='ocrx_word' id='word_1_65' title='bbox 1021 1747 1053 1814; x_wconf 73' lang='lat' dir='ltr'>lu</span> <span class='ocrx_word' id='word_1_66' title='bbox 1081 1770 1108 1814; x_wconf 90' lang='lat' dir='ltr'>e.</span> <span class='ocrx_word' id='word_1_67' title='bbox 1139 1747 1311 1815; x_wconf 62' lang='lat' dir='ltr'>ubiles</span> 
     </span>
     <span class='ocr_line' id='line_1_14' title="bbox 280 1845 1313 1935; baseline 0 -18"><span class='ocrx_word' id='word_1_68' title='bbox 280 1852 328 1917; x_wconf 83' lang='lat' dir='ltr'>At</span> <span class='ocrx_word' id='word_1_69' title='bbox 344 1848 482 1917; x_wconf 81' lang='lat' dir='ltr'>dubitari</span> <span class='ocrx_word' id='word_1_70' title='bbox 498 1871 563 1915; x_wconf 88' lang='lat' dir='ltr'>non</span> <span class='ocrx_word' id='word_1_71' title='bbox 580 1858 697 1935; x_wconf 87' lang='lat' dir='ltr'>potest,</span> <span class='ocrx_word' id='word_1_72' title='bbox 721 1848 800 1934; x_wconf 90' lang='lat' dir='ltr'>quin</span> <span class='ocrx_word' id='word_1_73' title='bbox 817 1848 1018 1916; x_wconf 88' lang='lat' dir='ltr'>scribendum</span> <span class='ocrx_word' id='word_1_74' title='bbox 1040 1850 1082 1917; x_wconf 89' lang='lat' dir='ltr'>sit</span> <span class='ocrx_word' id='word_1_75' title='bbox 1103 1845 1189 1931; x_wconf 84' lang='grc' dir='ltr'><strong><em>όπό,</em></strong></span> <span class='ocrx_word' id='word_1_76' title='bbox 1218 1873 1313 1919; x_wconf 87' lang='lat' dir='ltr'>sensu</span> 
     </span>
    </p>
   </div>
   <div class='ocr_carea' id='block_1_8' title="bbox 281 1949 1424 2042">
    <p class='ocr_par' dir='ltr' id='par_1_8' title="bbox 281 1949 1424 2042">
     <span class='ocr_line' id='line_1_15' title="bbox 281 1949 1424 2042; baseline 0.001 -21"><span class='ocrx_word' id='word_1_77' title='bbox 281 1952 517 2042; x_wconf 87' lang='lat' dir='ltr'>simplicissimo</span> <span class='ocrx_word' id='word_1_78' title='bbox 534 1961 566 2019; x_wconf 91' lang='lat' dir='ltr'>et</span> <span class='ocrx_word' id='word_1_79' title='bbox 582 1951 676 2018; x_wconf 91' lang='lat' dir='ltr'>unice</span> <span class='ocrx_word' id='word_1_80' title='bbox 691 1950 766 2019; x_wconf 91' lang='lat' dir='ltr'>huic</span> <span class='ocrx_word' id='word_1_81' title='bbox 778 1949 849 2018; x_wconf 91' lang='lat' dir='ltr'>loco</span> <span class='ocrx_word' id='word_1_82' title='bbox 861 1953 1108 2032; x_wconf 85' lang='lat' dir='ltr'>accommodato,</span> <span class='ocrx_word' id='word_1_83' title='bbox 1125 1956 1197 2021; x_wconf 78' lang='lat' dir='ltr'>inde</span> <span class='ocrx_word' id='word_1_84' title='bbox 1210 1978 1231 2021; x_wconf 88' lang='grc' dir='ltr'><strong><em>ο</em></strong></span> <span class='ocrx_word' id='word_1_85' title='bbox 1248 1957 1313 2022; x_wconf 74' lang='grc' dir='ltr'>ωο-</span> <span class='ocrx_word' id='word_1_86' title='bbox 1423 1977 1424 2022; x_wconf 84' lang='grc'>;</span> 
     </span>
    </p>
   </div>
   <div class='ocr_carea' id='block_1_9' title="bbox 278 2054 1313 2351">
    <p class='ocr_par' dir='ltr' id='par_1_9' title="bbox 278 2054 1313 2351">
     <span class='ocr_line' id='line_1_16' title="bbox 278 2054 1313 2148; baseline 0.001 -23"><span class='ocrx_word' id='word_1_87' title='bbox 278 2060 406 2148; x_wconf 75' lang='lat' dir='ltr'>ps‘ass&#39;mo</span> <span class='ocrx_word' id='word_1_88' title='bbox 426 2068 558 2144; x_wconf 80' lang='lat' dir='ltr'>tempore</span> <span class='ocrx_word' id='word_1_89' title='bbox 574 2055 760 2143; x_wconf 74' lang='lat' dir='ltr'>sobcyitato.</span> <span class='ocrx_word' id='word_1_90' title='bbox 795 2054 849 2122; x_wconf 82' lang='lat' dir='ltr'>Ac</span> <span class='ocrx_word' id='word_1_91' title='bbox 866 2055 1034 2143; x_wconf 78' lang='lat' dir='ltr'>scripserat</span> <span class='ocrx_word' id='word_1_92' title='bbox 1050 2055 1096 2122; x_wconf 87' lang='lat' dir='ltr'>its</span> <span class='ocrx_word' id='word_1_93' title='bbox 1111 2057 1176 2123; x_wconf 88' lang='lat' dir='ltr'>iam</span> <span class='ocrx_word' id='word_1_94' title='bbox 1192 2057 1313 2126; x_wconf 88' lang='lat' dir='ltr'>Kuste·</span> 
     </span>
     <span class='ocr_line' id='line_1_17' title="bbox 280 2157 1313 2244; baseline -0.001 -15"><span class='ocrx_word' id='word_1_95' title='bbox 280 2185 347 2230; x_wconf 87' lang='lat' dir='ltr'>rus.</span> <span class='ocrx_word' id='word_1_96' title='bbox 390 2158 477 2227; x_wconf 89' lang='lat' dir='ltr'>Illud</span> <span class='ocrx_word' id='word_1_97' title='bbox 497 2168 604 2226; x_wconf 87' lang='lat' dir='ltr'>antem</span> <span class='ocrx_word' id='word_1_98' title='bbox 624 2169 709 2226; x_wconf 87' lang='lat' dir='ltr'>recte</span> <span class='ocrx_word' id='word_1_99' title='bbox 730 2157 808 2224; x_wconf 84' lang='lat' dir='ltr'>fecit</span> <span class='ocrx_word' id='word_1_100' title='bbox 828 2157 1030 2237; x_wconf 85' lang='lat' dir='ltr'>Dindorfius,</span> <span class='ocrx_word' id='word_1_101' title='bbox 1056 2159 1143 2244; x_wconf 90' lang='lat' dir='ltr'>quod</span> <span class='ocrx_word' id='word_1_102' title='bbox 1170 2157 1252 2229; x_wconf 71' lang='lat' dir='ltr'>scor</span> <span class='ocrx_word' id='word_1_103' title='bbox 1277 2185 1313 2228; x_wconf 86' lang='grc' dir='ltr'>τε</span> 
     </span>
     <span class='ocr_line' id='line_1_18' title="bbox 280 2259 1313 2351; baseline -0.001 -18"><span class='ocrx_word' id='word_1_104' title='bbox 280 2266 338 2333; x_wconf 81' lang='grc' dir='ltr'>καί</span> <span class='ocrx_word' id='word_1_105' title='bbox 363 2263 489 2351; x_wconf 80' lang='lat' dir='ltr'>scripsit</span> <span class='ocrx_word' id='word_1_106' title='bbox 514 2285 572 2349; x_wconf 92' lang='lat' dir='ltr'>pro</span> <span class='ocrx_word' id='word_1_107' title='bbox 599 2259 681 2329; x_wconf 75' lang='grc' dir='ltr'><strong><em>ἐτῶν</em></strong></span> <span class='ocrx_word' id='word_1_108' title='bbox 706 2284 745 2347; x_wconf 80' lang='lat' dir='ltr'>ys</span> <span class='ocrx_word' id='word_1_109' title='bbox 770 2264 836 2327; x_wconf 85' lang='grc' dir='ltr'><strong><em>καί.</em></strong></span> <span class='ocrx_word' id='word_1_110' title='bbox 879 2260 1097 2328; x_wconf 87' lang='lat' dir='ltr'>Numeralium</span> <span class='ocrx_word' id='word_1_111' title='bbox 1118 2285 1176 2349; x_wconf 93' lang='lat' dir='ltr'>per</span> <span class='ocrx_word' id='word_1_112' title='bbox 1195 2287 1233 2331; x_wconf 88' lang='grc' dir='ltr'>τε</span> <span class='ocrx_word' id='word_1_113' title='bbox 1258 2265 1313 2332; x_wconf 84' lang='grc' dir='ltr'>καί</span> 
     </span>
    </p>
   </div>
   <div class='ocr_carea' id='block_1_10' title="bbox 280 2362 1425 2454">
    <p class='ocr_par' dir='ltr' id='par_1_10' title="bbox 280 2362 1425 2454">
     <span class='ocr_line' id='line_1_19' title="bbox 280 2362 1425 2454; baseline 0 -19"><span class='ocrx_word' id='word_1_114' title='bbox 280 2367 520 2435; x_wconf 88' lang='lat' dir='ltr'>coniunctorum</span> <span class='ocrx_word' id='word_1_115' title='bbox 533 2364 679 2451; x_wconf 85' lang='lat' dir='ltr'>exempla</span> <span class='ocrx_word' id='word_1_116' title='bbox 691 2387 722 2430; x_wconf 85' lang='lat' dir='ltr'>v.</span> <span class='ocrx_word' id='word_1_117' title='bbox 738 2363 824 2451; x_wconf 88' lang='lat' dir='ltr'>apud</span> <span class='ocrx_word' id='word_1_118' title='bbox 832 2362 1033 2431; x_wconf 87' lang='lat' dir='ltr'>Lobeckium</span> <span class='ocrx_word' id='word_1_119' title='bbox 1046 2365 1088 2431; x_wconf 84' lang='lat' dir='ltr'>sd</span> <span class='ocrx_word' id='word_1_120' title='bbox 1096 2364 1312 2454; x_wconf 89' lang='lat' dir='ltr'>Phrynichum</span> <span class='ocrx_word' id='word_1_121' title='bbox 1424 2431 1425 2444; x_wconf 68' lang='grc'>,</span> 
     </span>
    </p>
   </div>
   <div class='ocr_carea' id='block_1_11' title="bbox 281 2464 1312 2778">
    <p class='ocr_par' dir='ltr' id='par_1_11' title="bbox 281 2449 1425 2778">
     <span class='ocr_line' id='line_1_20' title="bbox 281 2464 1309 2558; baseline 0.001 -21"><span class='ocrx_word' id='word_1_122' title='bbox 281 2494 313 2558; x_wconf 92' lang='lat' dir='ltr'>p.</span> <span class='ocrx_word' id='word_1_123' title='bbox 331 2470 407 2537; x_wconf 88' lang='lat'>410.</span> <span class='ocrx_word' id='word_1_124' title='bbox 450 2469 557 2537; x_wconf 87' lang='lat' dir='ltr'>Versu</span> <span class='ocrx_word' id='word_1_125' title='bbox 575 2478 727 2554; x_wconf 89' lang='lat' dir='ltr'>sequente</span> <span class='ocrx_word' id='word_1_126' title='bbox 743 2477 903 2555; x_wconf 88' lang='lat' dir='ltr'>praestare</span> <span class='ocrx_word' id='word_1_127' title='bbox 920 2467 999 2535; x_wconf 89' lang='lat' dir='ltr'>mihi</span> <span class='ocrx_word' id='word_1_128' title='bbox 1019 2467 1144 2535; x_wconf 87' lang='lat' dir='ltr'>videtur</span> <span class='ocrx_word' id='word_1_129' title='bbox 1165 2464 1257 2554; x_wconf 81' lang='grc' dir='ltr'><strong><em>ὅμως</em></strong></span> <span class='ocrx_word' id='word_1_130' title='bbox 1279 2467 1309 2539; x_wconf 75' lang='grc' dir='ltr'>δ’</span> 
     </span>
     <span class='ocr_line' id='line_1_21' title="bbox 285 2564 1312 2661; baseline 0.001 -20"><span class='ocrx_word' id='word_1_131' title='bbox 285 2571 467 2661; x_wconf 72' lang='grc' dir='ltr'><strong><em>ἐπειδήπερ</em></strong></span> <span class='ocrx_word' id='word_1_132' title='bbox 485 2568 543 2640; x_wconf 88' lang='grc' dir='ltr'><strong><em>τὸν</em></strong></span> <span class='ocrx_word' id='word_1_133' title='bbox 560 2566 648 2639; x_wconf 81' lang='grc' dir='ltr'><strong><em>οἶνον</em></strong></span> <span class='ocrx_word' id='word_1_134' title='bbox 665 2564 777 2659; x_wconf 80' lang='grc' dir='ltr'><strong><em>ἠξίους</em></strong></span> <span class='ocrx_word' id='word_1_135' title='bbox 795 2567 801 2658; x_wconf 90' lang='grc' dir='ltr'>Ι</span> <span class='ocrx_word' id='word_1_136' title='bbox 820 2576 939 2651; x_wconf 88' lang='grc' dir='ltr'><strong><em>πίνειν,</em></strong></span> <span class='ocrx_word' id='word_1_137' title='bbox 957 2567 1147 2640; x_wconf 75' lang='grc' dir='ltr'><strong><em>συνεκποτέ’</em></strong></span> <span class='ocrx_word' id='word_1_138' title='bbox 1169 2572 1241 2641; x_wconf 81' lang='grc' dir='ltr'><strong><em>ίστί</em></strong></span> <span class='ocrx_word' id='word_1_139' title='bbox 1258 2597 1312 2642; x_wconf 91' lang='grc' dir='ltr'>σοι</span> 
     </span>
     <span class='ocr_line' id='line_1_22' title="bbox 282 2671 1265 2778; baseline 0.002 -35"><span class='ocrx_word' id='word_1_140' title='bbox 282 2678 338 2743; x_wconf 83' lang='grc' dir='ltr'>καί</span> <span class='ocrx_word' id='word_1_141' title='bbox 354 2673 413 2763; x_wconf 76' lang='grc' dir='ltr'><strong><em>τὴν</em></strong></span> <span class='ocrx_word' id='word_1_142' title='bbox 429 2673 548 2764; x_wconf 76' lang='grc' dir='ltr'><strong><em>τρόγα,</em></strong></span> <span class='ocrx_word' id='word_1_143' title='bbox 567 2674 623 2741; x_wconf 89' lang='lat' dir='ltr'>ubi</span> <span class='ocrx_word' id='word_1_144' title='bbox 639 2673 738 2778; x_wconf 79' lang='lat' dir='ltr'>vulgo</span> <span class='ocrx_word' id='word_1_145' title='bbox 755 2673 871 2762; x_wconf 77' lang='lat' dir='ltr'>legitur</span> <span class='ocrx_word' id='word_1_146' title='bbox 889 2671 1004 2763; x_wconf 73' lang='grc' dir='ltr'><strong><em>ἐπειδὴ</em></strong></span> <span class='ocrx_word' id='word_1_147' title='bbox 1020 2677 1074 2742; x_wconf 83' lang='grc' dir='ltr'>καὶ</span> <span class='ocrx_word' id='word_1_148' title='bbox 1092 2672 1150 2744; x_wconf 84' lang='grc' dir='ltr'><strong><em>τόν</em></strong></span> <span class='ocrx_word' id='word_1_149' title='bbox 1168 2672 1265 2745; x_wconf 82' lang='grc' dir='ltr'><strong><em>οἶνον.</em></strong></span> 
     </span>
    </p>
   </div>
   <div class='ocr_carea' id='block_1_12' title="bbox 277 2859 1312 3588">
    <p class='ocr_par' dir='ltr' id='par_1_12' title="bbox 277 2859 1312 3588">
     <span class='ocr_line' id='line_1_23' title="bbox 724 2859 870 2917; baseline -0.021 0"><span class='ocrx_word' id='word_1_150' title='bbox 724 2859 774 2917; x_wconf 86' lang='lat' dir='ltr'>Vs.</span> <span class='ocrx_word' id='word_1_151' title='bbox 794 2861 870 2915; x_wconf 86' lang='grc'><strong>1089.</strong></span> 
     </span>
     <span class='ocr_line' id='line_1_24' title="bbox 345 2960 1244 3055; baseline 0.003 -22"><span class='ocrx_word' id='word_1_152' title='bbox 345 2961 455 3034; x_wconf 65' lang='grc' dir='ltr'><strong><em>ίλδὼν</em></strong></span> <span class='ocrx_word' id='word_1_153' title='bbox 474 2960 651 3033; x_wconf 66' lang='grc' dir='ltr'><strong><em>ἀναθεῖναι</em></strong></span> <span class='ocrx_word' id='word_1_154' title='bbox 667 2962 745 3045; x_wconf 84' lang='grc' dir='ltr'><strong><em>τοὺς</em></strong></span> <span class='ocrx_word' id='word_1_155' title='bbox 763 2965 946 3055; x_wconf 80' lang='grc' dir='ltr'><strong><em>στεφάνους</em></strong></span> <span class='ocrx_word' id='word_1_156' title='bbox 962 2960 1078 3034; x_wconf 83' lang='grc' dir='ltr'><strong><em>τούσδ’</em></strong></span> <span class='ocrx_word' id='word_1_157' title='bbox 1094 2963 1153 3047; x_wconf 81' lang='grc' dir='ltr'>οὐς</span> <span class='ocrx_word' id='word_1_158' title='bbox 1170 2965 1244 3052; x_wconf 71' lang='grc' dir='ltr'><strong><em>ἔχω.</em></strong></span> 
     </span>
     <span class='ocr_line' id='line_1_25' title="bbox 344 3084 1312 3178; baseline 0.006 -26"><span class='ocrx_word' id='word_1_159' title='bbox 344 3086 513 3154; x_wconf 85' lang='lat' dir='ltr'>Postremo</span> <span class='ocrx_word' id='word_1_160' title='bbox 533 3084 630 3153; x_wconf 83' lang='lat' dir='ltr'>verba</span> <span class='ocrx_word' id='word_1_161' title='bbox 651 3087 729 3153; x_wconf 85' lang='lat' dir='ltr'>setis</span> <span class='ocrx_word' id='word_1_162' title='bbox 750 3085 857 3153; x_wconf 86' lang='lat' dir='ltr'>ieiuna</span> <span class='ocrx_word' id='word_1_163' title='bbox 873 3095 959 3167; x_wconf 86' lang='lat' dir='ltr'>sunt,</span> <span class='ocrx_word' id='word_1_164' title='bbox 984 3109 1022 3153; x_wconf 81' lang='lat' dir='ltr'>ac</span> <span class='ocrx_word' id='word_1_165' title='bbox 1037 3089 1146 3155; x_wconf 89' lang='lat' dir='ltr'>nescio</span> <span class='ocrx_word' id='word_1_166' title='bbox 1164 3113 1207 3156; x_wconf 86' lang='lat' dir='ltr'>an</span> <span class='ocrx_word' id='word_1_167' title='bbox 1222 3101 1312 3178; x_wconf 79' lang='lat' dir='ltr'>poeta</span> 
     </span>
     <span class='ocr_line' id='line_1_26' title="bbox 281 3185 1311 3280; baseline 0.001 -21"><span class='ocrx_word' id='word_1_168' title='bbox 281 3191 443 3280; x_wconf 84' lang='lat' dir='ltr'>scripserit</span> <span class='ocrx_word' id='word_1_169' title='bbox 466 3185 513 3269; x_wconf 76' lang='grc' dir='ltr'>ὥς</span> <span class='ocrx_word' id='word_1_170' title='bbox 534 3187 613 3273; x_wconf 70' lang='grc' dir='ltr'><strong><em>ἔχω,</em></strong></span> <span class='ocrx_word' id='word_1_171' title='bbox 641 3190 812 3277; x_wconf 80' lang='lat' dir='ltr'>confertim,</span> <span class='ocrx_word' id='word_1_172' title='bbox 840 3189 927 3274; x_wconf 90' lang='lat' dir='ltr'>quod</span> <span class='ocrx_word' id='word_1_173' title='bbox 947 3189 1096 3276; x_wconf 76' lang='lat' dir='ltr'>frequens</span> <span class='ocrx_word' id='word_1_174' title='bbox 1119 3201 1169 3258; x_wconf 88' lang='lat' dir='ltr'>est</span> <span class='ocrx_word' id='word_1_175' title='bbox 1190 3193 1311 3260; x_wconf 88' lang='lat' dir='ltr'>Aristo·</span> 
     </span>
     <span class='ocr_line' id='line_1_27' title="bbox 280 3290 1309 3382; baseline 0.004 -21"><span class='ocrx_word' id='word_1_176' title='bbox 280 3295 378 3382; x_wconf 82' lang='lat' dir='ltr'>phani</span> <span class='ocrx_word' id='word_1_177' title='bbox 404 3293 529 3361; x_wconf 87' lang='lat' dir='ltr'>dicendi</span> <span class='ocrx_word' id='word_1_178' title='bbox 553 3314 670 3379; x_wconf 85' lang='lat' dir='ltr'>genus,</span> <span class='ocrx_word' id='word_1_179' title='bbox 705 3290 864 3377; x_wconf 82' lang='lat' dir='ltr'>habetque</span> <span class='ocrx_word' id='word_1_180' title='bbox 889 3291 952 3358; x_wconf 92' lang='lat' dir='ltr'>hoc</span> <span class='ocrx_word' id='word_1_181' title='bbox 976 3293 1082 3381; x_wconf 88' lang='lat' dir='ltr'>ipsum</span> <span class='ocrx_word' id='word_1_182' title='bbox 1108 3295 1190 3362; x_wconf 84' lang='lat' dir='ltr'><strong>Rav.</strong></span> <span class='ocrx_word' id='word_1_183' title='bbox 1245 3297 1309 3365; x_wconf 76' lang='lat' dir='ltr'>cfr.</span> 
     </span>
     <span class='ocr_line' id='line_1_28' title="bbox 279 3389 1312 3486; baseline 0.005 -23"><span class='ocrx_word' id='word_1_184' title='bbox 279 3398 364 3483; x_wconf 88' lang='lat' dir='ltr'>Equ.</span> <span class='ocrx_word' id='word_1_185' title='bbox 386 3397 462 3465; x_wconf 82' lang='lat'><strong>488.</strong></span> <span class='ocrx_word' id='word_1_186' title='bbox 489 3401 623 3483; x_wconf 83' lang='grc' dir='ltr'><strong><em>πρῶτον</em></strong></span> <span class='ocrx_word' id='word_1_187' title='bbox 650 3390 681 3461; x_wconf 80' lang='grc' dir='ltr'>δ’</span> <span class='ocrx_word' id='word_1_188' title='bbox 707 3389 754 3474; x_wconf 77' lang='grc' dir='ltr'>ὥς</span> <span class='ocrx_word' id='word_1_189' title='bbox 780 3392 842 3478; x_wconf 74' lang='grc' dir='ltr'>όχω</span> <span class='ocrx_word' id='word_1_190' title='bbox 864 3391 925 3475; x_wconf 81' lang='grc' dir='ltr'><strong><em>τὰς</em></strong></span> <span class='ocrx_word' id='word_1_191' title='bbox 944 3397 1072 3476; x_wconf 80' lang='grc' dir='ltr'><strong><em>κοιλίας</em></strong></span> <span class='ocrx_word' id='word_1_192' title='bbox 1093 3400 1148 3465; x_wconf 86' lang='grc' dir='ltr'>καὶ</span> <span class='ocrx_word' id='word_1_193' title='bbox 1170 3398 1232 3481; x_wconf 80' lang='grc' dir='ltr'><strong><em>τὰς</em></strong></span> <span class='ocrx_word' id='word_1_194' title='bbox 1250 3427 1312 3486; x_wconf 86' lang='grc' dir='ltr'>μα-</span> 
     </span>
     <span class='ocr_line' id='line_1_29' title="bbox 277 3496 796 3588; baseline 0 -22"><span class='ocrx_word' id='word_1_195' title='bbox 277 3505 397 3588; x_wconf 86' lang='grc' dir='ltr'><strong><em>χαίρας</em></strong></span> <span class='ocrx_word' id='word_1_196' title='bbox 414 3498 533 3567; x_wconf 75' lang='grc' dir='ltr'><strong><em>ἐνθαδί</em></strong></span> <span class='ocrx_word' id='word_1_197' title='bbox 549 3496 796 3586; x_wconf 73' lang='grc' dir='ltr'><strong><em>καταθήσομαι.</em></strong></span> 
     </span>
    </p>
   </div>
   <div class='ocr_carea' id='block_1_13' title="bbox 346 3667 1312 4082">
    <p class='ocr_par' dir='ltr' id='par_1_13' title="bbox 346 3667 1312 4082">
     <span class='ocr_line' id='line_1_30' title="bbox 724 3667 870 3724; baseline -0.014 0"><span class='ocrx_word' id='word_1_198' title='bbox 724 3667 773 3724; x_wconf 88' lang='lat' dir='ltr'>Vs.</span> <span class='ocrx_word' id='word_1_199' title='bbox 793 3667 870 3722; x_wconf 79' lang='lat'>1095.</span> 
     </span>
     <span class='ocr_line' id='line_1_31' title="bbox 431 3761 1126 3863; baseline 0.004 -24"><span class='ocrx_word' id='word_1_200' title='bbox 431 3769 477 3852; x_wconf 78' lang='grc' dir='ltr'>ὥς</span> <span class='ocrx_word' id='word_1_201' title='bbox 495 3767 636 3853; x_wconf 88' lang='grc' dir='ltr'><strong><em>εὐτόνως</em></strong></span> <span class='ocrx_word' id='word_1_202' title='bbox 654 3761 682 3838; x_wconf 83' lang='grc' dir='ltr'><em>ὦ</em></span> <span class='ocrx_word' id='word_1_203' title='bbox 699 3777 764 3839; x_wconf 83' lang='grc' dir='ltr'><strong><em>Ζεῦ</em></strong></span> <span class='ocrx_word' id='word_1_204' title='bbox 780 3773 917 3857; x_wconf 82' lang='grc' dir='ltr'><strong><em>βασιλεῦ</em></strong></span> <span class='ocrx_word' id='word_1_205' title='bbox 933 3770 973 3840; x_wconf 90' lang='grc' dir='ltr'><strong><em>τό</em></strong></span> <span class='ocrx_word' id='word_1_206' title='bbox 991 3771 1126 3863; x_wconf 75' lang='grc' dir='ltr'><strong><em>γρᾴδιον</em></strong></span> 
     </span>
     <span class='ocr_line' id='line_1_32' title="bbox 432 3869 1156 3966; baseline 0.01 -27"><span class='ocrx_word' id='word_1_207' title='bbox 432 3869 546 3962; x_wconf 75' lang='grc' dir='ltr'><strong><em>ὥσπερ</em></strong></span> <span class='ocrx_word' id='word_1_208' title='bbox 564 3872 669 3954; x_wconf 80' lang='grc' dir='ltr'><strong><em>λεπὰς</em></strong></span> <span class='ocrx_word' id='word_1_209' title='bbox 684 3880 733 3964; x_wconf 79' lang='grc' dir='ltr'><strong><em>τῷ</em></strong></span> <span class='ocrx_word' id='word_1_210' title='bbox 751 3879 910 3964; x_wconf 80' lang='grc' dir='ltr'><strong><em>μειρακίῳ</em></strong></span> <span class='ocrx_word' id='word_1_211' title='bbox 929 3882 1156 3966; x_wconf 81' lang='grc' dir='ltr'><strong><em>προσίσχεται.</em></strong></span> 
     </span>
     <span class='ocr_line' id='line_1_33' title="bbox 346 3992 1312 4082; baseline 0.008 -21"><span class='ocrx_word' id='word_1_212' title='bbox 346 3992 385 4061; x_wconf 85' lang='lat' dir='ltr'>Si</span> <span class='ocrx_word' id='word_1_213' title='bbox 401 4002 485 4059; x_wconf 87' lang='lat' dir='ltr'>recte</span> <span class='ocrx_word' id='word_1_214' title='bbox 503 3994 671 4062; x_wconf 84' lang='lat' dir='ltr'>observavi</span> <span class='ocrx_word' id='word_1_215' title='bbox 687 3996 858 4063; x_wconf 85' lang='lat' dir='ltr'>discrimen</span> <span class='ocrx_word' id='word_1_216' title='bbox 875 3997 956 4064; x_wconf 90' lang='lat' dir='ltr'>inter</span> <span class='ocrx_word' id='word_1_217' title='bbox 969 3992 1109 4078; x_wconf 79' lang='grc' dir='ltr'><strong><em>εὐτόνως</em></strong></span> <span class='ocrx_word' id='word_1_218' title='bbox 1122 4009 1154 4065; x_wconf 91' lang='lat' dir='ltr'>et</span> <span class='ocrx_word' id='word_1_219' title='bbox 1167 3998 1312 4082; x_wconf 76' lang='grc' dir='ltr'><strong><em>ἐντόνως,</em></strong></span> 
     </span>
    </p>
   </div>
   <div class='ocr_carea' id='block_1_14' title="bbox 279 4093 1313 4290">
    <p class='ocr_par' dir='ltr' id='par_1_14' title="bbox 279 4093 1313 4290">
     <span class='ocr_line' id='line_1_34' title="bbox 279 4093 1313 4190; baseline 0.007 -25"><span class='ocrx_word' id='word_1_220' title='bbox 279 4100 342 4167; x_wconf 92' lang='lat' dir='ltr'>hoc</span> <span class='ocrx_word' id='word_1_221' title='bbox 370 4095 442 4163; x_wconf 93' lang='lat' dir='ltr'>loco</span> <span class='ocrx_word' id='word_1_222' title='bbox 472 4093 609 4176; x_wconf 74' lang='grc' dir='ltr'><strong><em>ἐντόνως</em></strong></span> <span class='ocrx_word' id='word_1_223' title='bbox 638 4099 745 4185; x_wconf 89' lang='lat' dir='ltr'>potius</span> <span class='ocrx_word' id='word_1_224' title='bbox 772 4122 868 4185; x_wconf 82' lang='lat' dir='ltr'>quom</span> <span class='ocrx_word' id='word_1_225' title='bbox 899 4096 1041 4180; x_wconf 81' lang='grc' dir='ltr'><strong><em>εὐτόνως</em></strong></span> <span class='ocrx_word' id='word_1_226' title='bbox 1065 4100 1313 4190; x_wconf 81' lang='lat' dir='ltr'>Aristophanem</span> 
     </span>
     <span class='ocr_line' id='line_1_35' title="bbox 279 4199 724 4290; baseline -0.018 -20"><span class='ocrx_word' id='word_1_227' title='bbox 279 4199 445 4289; x_wconf 87' lang='lat' dir='ltr'>scripsisse</span> <span class='ocrx_word' id='word_1_228' title='bbox 463 4199 649 4287; x_wconf 81' lang='lat' dir='ltr'>putaverim.</span> <span class='ocrx_word' id='word_1_229' title='bbox 720 4285 724 4290; x_wconf 20' lang='lat'>⁸</span> 
     </span>
    </p>
   </div>
   <div class='ocr_carea' id='block_1_15' title="bbox 0 0 1435 4909">
    <p class='ocr_par' dir='ltr' id='par_1_15' title="bbox 0 0 1435 4909">
     <span class='ocr_line' id='line_1_36' title="bbox 0 0 1435 4909; baseline 0 0"><span class='ocrx_word' id='word_1_230' title='bbox 0 0 1435 4909; x_wconf 95' lang='lat' dir='ltr'> </span> 
     </span>
    </p>
   </div>
  </div>
 </body>
</html>
