2859 4909
297 390 361 457 124
664 355 978 459 simeonius:

293 544 423 623 ἔναντα,
445 564 527 629 quae
548 564 633 608 mere
655 542 781 629 poetica
797 542 899 609 sorma
916 552 979 620 est,
1001 542 1081 609 dixit
1098 542 1191 628 Equ:
1206 542 1278 610 342.
1297 553 1327 608 et

289 644 495 734 Ἁχαρνηίδαι
525 668 583 733 pro
610 640 761 733 Ἅχαρνῆς
791 645 932 718 Acheru·
963 646 1043 712 322„
1089 645 1161 711 Alii
1195 646 1325 713 fortasse

293 746 452 840 δφάψαιν
469 772 510 802 =
526 743 705 837 δφάψαιμι
730 749 921 836 praeferent,
949 749 989 815 de
1011 770 1076 833 qua
1096 750 1204 815 forma
1225 750 1326 816 novis·

293 853 373 922 sime
390 852 558 920 Beklserus
576 851 656 917 dixit
672 851 884 920 Homerisohe
902 851 1024 918 Blutter
1040 874 1073 938 p.
1093 853 1169 917 112:

742 1046 797 1102 *Va
814 1047 874 1102 376.

347 1150 406 1222 osia
423 1149 500 1222 οἶδά
518 1148 546 1222 α’
563 1151 593 1221 εί
609 1148 682 1243 τῇδ’
699 1148 746 1233 ὥς
764 1151 826 1235 lxo
843 1158 883 1242 τῇ
902 1153 1054 1237 λαμπάδι
1073 1154 1265 1222 σταθεύσω.
1330 1211 1332 1215 .

358 1274 501 1363 Elegans
519 1284 568 1342 est
586 1273 702 1341 Cobeti
719 1274 900 1342 coniectura
921 1268 980 1342 οὐκ
998 1269 1062 1342 οἶδ’
1084 1270 1126 1341 ἂν
1150 1274 1184 1343 εἰ’
1200 1298 1238 1343 οε
1254 1271 1322 1363 τῇδ’

294 1377 373 1467 ἐγώ,
409 1379 465 1464 qui
493 1377 649 1466 potuisset
675 1377 769 1443 etium
798 1372 857 1444 οὐκ
884 1373 949 1445 οἶδ’
974 1372 1014 1445 ἂν
1041 1376 1072 1445 τί
1096 1378 1176 1467 τῇδέ
1203 1372 1231 1446 u’
1256 1376 1323 1465 ἐγώ,
1407 1371 1408 1374 '

293 1505 376 1570 quae
393 1482 488 1549 etiam
505 1480 606 1547 lenior
622 1490 672 1547 est
688 1481 828 1558 medela,
853 1480 881 1548 si
902 1491 1008 1547 tamen
1024 1482 1152 1548 medela
1169 1503 1250 1568 opus
1267 1493 1324 1559 est3

294 1596 379 1654 certe
412 1580 458 1663 ὥς
489 1581 552 1667 ἔχω
583 1592 750 1671 peraptum
780 1593 843 1663 est,
879 1605 937 1651 nec
967 1585 1109 1652 traiectio
1134 1584 1324 1672 pronominis

296 1687 464 1756 offensioni
495 1709 566 1753 esse
597 1697 711 1774 potest.
763 1685 913 1753 Ceterum
946 1687 1087 1755 scholion
1118 1689 1196 1755 huic
1225 1689 1324 1755 versui

295 1790 489 1877 adscriptum
510 1786 548 1857 τὸ
570 1787 632 1877 γὰρ
654 1786 771 1879 μικρὸν
794 1779 851 1858 οὖν
872 1794 976 1858 καίειν
994 1791 1173 1860 οταθεύειν
1191 1793 1322 1879 λέγεται,

295 1895 342 1962 sic
359 1892 577 1981 retingendum
596 1902 644 1960 est
660 1890 700 1960 τὸ
719 1890 802 1960 κατὰ
818 1890 934 1980 μικρὸν
951 1900 1029 1980 γοῦν
1050 1900 1165 1963 καίειν.

747 2088 797 2144 Vs.
816 2088 876 2144 395.

441 2194 461 2283 ἢ
481 2190 511 2263 δ’
526 2189 763 2262 ὑποπεπωκυῖ’
779 2190 799 2283 ἡ
817 2191 894 2283 γυνὴ
909 2189 964 2261 ’πί
981 2200 1040 2262 τοῦ
1057 2200 1183 2284 τίγους.

358 2317 421 2384 Est
446 2315 526 2383 haec
552 2315 663 2382 eadem
688 2314 815 2394 mulier,
851 2337 947 2401 quam
977 2317 1152 2403 respiciens
1179 2340 1227 2384 vs.
1253 2313 1320 2384 389.

293 2421 417 2488 dixerat
439 2414 460 2487 δ’
480 2413 507 2485 τ’
528 2413 741 2503 ἆδωνιασμὸς
759 2406 854 2498 οὗτος
872 2413 953 2485 οὑπὶ
969 2425 1028 2485 τοῦ
1045 2424 1172 2507 τέγους.
1216 2418 1320 2488 Malim

293 2525 391 2613 igitur
406 2518 426 2610 ἡ
444 2518 523 2609 γυνὴ
541 2517 561 2609 ἡ
576 2516 631 2590 ’πί
648 2527 707 2589 τοῦ
725 2527 853 2607 τέγους,
877 2522 988 2588 eudem
1009 2524 1091 2590 crasi
1112 2546 1180 2609 qua
1197 2524 1319 2591 Thesm.

292 2627 368 2694 536.
393 2625 508 2713 legitur
529 2623 560 2691 εί
583 2623 680 2712 δὲμὴ
698 2621 806 2712 ἡμεῖς,
829 2647 925 2711 quam
947 2626 1065 2694 frustra
1086 2626 1249 2696 Porsonus
1271 2649 1319 2693 ex-

293 2729 409 2816 pellere
428 2737 560 2794 conatus
579 2739 638 2794 est.
1153 2725 1159 2734 '

746 2897 796 2956 Va.
815 2897 874 2953 416.

424 2993 451 3068 oi
471 3001 652 3087 σκυτοτόμε
668 2995 735 3091 τῆς
742 3026 807 3088 μου
826 3001 977 3090 γυναικὸς
993 3010 1052 3071 τοῦ
1071 3005 1178 3086 ποδός

422 3102 461 3172 τὸ
480 3104 686 3173 δακτυλίδιον
703 3105 812 3188 πιέζει
828 3104 867 3173 τὸ
886 3106 989 3193 ζυγόν.

356 3226 489 3314 Duplex
510 3226 636 3306 vitium,
664 3226 751 3312 quod
771 3226 821 3292 his
848 3227 952 3293 inesse
977 3228 1130 3295 intellexit
1153 3230 1316 3304 Porsonus,

293 3331 377 3398 idem
403 3331 447 3397 ita
469 3329 611 3409 sustulit,
638 3338 675 3395 ut
697 3330 775 3396 satis
797 3328 935 3396 violenta
957 3329 1124 3398 verborum
1146 3333 1317 3401 traiectione

293 3434 399 3501 locum
429 3435 475 3500 ita
503 3433 672 3522 refingeret
702 3422 731 3498 ὦ
759 3432 940 3517 σκυτοτόμου
965 3435 1004 3500 τὸ
1033 3434 1238 3503 δακτυλίδιον
1263 3436 1315 3499 τοῦ

293 3535 400 3616 ποδὸς
419 3536 425 3625 Ι
443 3540 501 3604 τοῦ
519 3542 577 3623 τῆς
593 3534 745 3623 γυναικός
758 3559 823 3619 μου
839 3535 945 3617 πιέζει
958 3536 996 3605 τὸ
1013 3537 1117 3623 ζυγόν.
1165 3535 1317 3626 Opposuit

292 3640 343 3705 his
365 3641 521 3725 quaedam
541 3639 706 3728 Engerus,
735 3639 786 3706 cui
808 3639 963 3707 assentior
980 3662 1050 3706 eam
1072 3641 1238 3708 verborum
1259 3636 1316 3704 col·

292 3742 495 3822 locationem,
523 3766 586 3827 qua
611 3740 649 3809 τὸ
673 3741 879 3810 δακτυλίδιον
900 3742 1069 3829 principio,
1095 3750 1153 3832 τῆς
1174 3740 1316 3832 γυναικός

292 3868 356 3930 μου
381 3857 487 3910 autem
508 3856 668 3932 postremo
689 3845 761 3912 loco
785 3848 926 3932 ponitur,
949 3869 1014 3912 non
1035 3857 1142 3933 aptam
1159 3848 1232 3914 huic
1251 3847 1314 3910 locc

293 3946 420 4013 iudicat.
473 3948 513 4012 In
544 3971 583 4016 eo
615 3961 721 4015 tamen
751 3971 815 4014 uon
846 3949 1002 4015 assentior
1032 3949 1100 4015 viro
1130 3949 1312 4024 doctissimo,

292 4049 380 4135 quod
400 4055 460 4116 τοῦ
481 4055 540 4135 τῆς
561 4051 712 4137 γυναικός
734 4073 798 4134 μου
821 4049 928 4131 ποδὸς
950 4050 1048 4118 edidit
1066 4063 1097 4119 et
1115 4054 1211 4122 altero
1227 4071 1313 4117 versu

293 4151 441 4238 ίμπιίζει
472 4153 598 4241 scripsit
627 4176 684 4240 pro
715 4153 823 4234 πιέζει
853 4177 927 4221 cum
952 4154 1110 4243 Reisigi03
1146 4158 1179 4223 in
1208 4155 1259 4223 tali
1281 4173 1316 4217 re

292 4256 416 4339 πιέζειν
434 4257 548 4325 dicitur
569 4258 726 4324 constanti
746 4254 939 4325 Graecorum
963 4282 1036 4338 usu,
1060 4283 1125 4325 non
1148 4257 1309 4344 ίμπιέζειν,
