2859 4909
549 367 702 425 NUBES.

562 505 613 562 Vs.
632 506 693 561 100.

495 606 553 679 οὐκ
572 606 638 678 ott'
656 608 801 699 ἀκριβῶς
817 606 974 696 τοῖίνομα,

275 715 609 805 μεριμνοφροντισταὶ
627 716 723 781 καλοί
739 738 775 780 τε
793 710 950 801 κάγαθοί.

185 836 247 905 Suo
259 836 399 925 periculo
412 838 446 903 in
461 859 559 902 unum
573 835 736 901 coniunxit
751 832 952 922 Strepsiades
966 860 1048 922 quae
1066 841 1150 910 infra

127 966 155 1007 u.
175 941 241 1007 951.
268 950 362 1027 poeta
384 940 557 1006 distinctim
580 937 755 1003 enuntiavit
776 937 906 1005 πισύνω
929 979 971 989 -
994 951 1150 1030 φροντίσι

126 1047 173 1110 καὶ
195 1050 375 1133 μερίμναις.
427 1043 495 1109 Nec
520 1042 650 1119 mirum,
679 1041 835 1125 siquidem
860 1042 929 1129 ipse
954 1043 1085 1126 fatetur,
1114 1072 1148 1116 so

126 1171 228 1214 nomen
256 1148 384 1213 illorum
413 1145 661 1212 homuncionum
691 1167 756 1210 non
782 1155 927 1211 accurate
954 1150 1147 1221 meminisse.

128 1250 198 1318 Sunt
225 1251 323 1339 igitur
351 1251 688 1337 μεριμνοφροντισταί
718 1271 783 1313 non
815 1250 849 1314 οἳ
879 1250 957 1335 περὶ
982 1261 1148 1339 μεριμνῶν

128 1353 339 1443 φροντίζουσι,
376 1354 434 1419 sed
459 1352 656 1440 μεριμνηταὶ
676 1352 733 1416 καὶ
759 1356 968 1438 φροντισταί,
1001 1365 1037 1420 ut
1063 1379 1090 1422 e.
1118 1381 1146 1424 o.

125 1461 423 1545 βροντησικέραυνος
447 1456 591 1542 Iuppiter
617 1463 666 1520 est
692 1453 830 1520 tonitrus
856 1464 887 1519 et
918 1455 1046 1544 fulgura
1075 1460 1149 1526 mit.

128 1574 194 1627 tens.
235 1559 323 1627 Nihil
348 1560 446 1647 igitur
472 1581 588 1625 causae
613 1557 722 1635 video,
756 1580 812 1621 cur
837 1569 1149 1649 μετεωροσοφισταί

129 1664 267 1730 scribatur
297 1686 371 1728 cum
401 1662 546 1728 Nauckio
572 1660 713 1726 Bulletin
740 1660 779 1726 de
807 1660 1002 1730 l’Academie
1029 1665 1069 1731 de
1098 1665 1147 1733 St.
1253 1714 1257 1720 -

127 1766 256 1834 Petersb.
275 1766 340 1845 VI,
359 1766 413 1832 54.

564 1934 614 1990 Vs.
634 1934 694 1987 119.
908 1943 919 1974 ¹

243 2038 301 2109 οὐκ
320 2037 360 2107 ι’ίν
377 2046 559 2126 πιθοίμην·
579 2036 617 2107 οὗ
635 2036 698 2126 γὰρ
717 2033 758 2105 div
774 2040 888 2127 τλαίην
908 2039 989 2108 ἰδεῖν

241 2143 319 2225 τοὺς
338 2144 463 2224 ἱππέας
481 2141 520 2210 τὸ
536 2148 655 2228 χρῶμα
674 2142 969 2227 διακεκναισμένος.

182 2267 378 2333 Postremum
391 2288 502 2330 vocem
517 2264 705 2330 scholiastae
724 2264 882 2350 explicant
900 2259 1145 2354 ἠμαυρωμένος,

130 2370 375 2459 διεφθαρμένος,
395 2369 503 2434 nescio
530 2390 593 2452 quo
620 2366 702 2445 iure;
736 2366 909 2444 διακναίω,
937 2369 1023 2452 quod
1049 2370 1147 2438 latino

128 2497 266 2540 ααοαονα
281 2472 462 2558 respondet,
480 2494 545 2536 non
563 2470 626 2535 dici
643 2479 749 2557 potest
766 2469 806 2535 de
821 2470 934 2548 colore,
953 2482 1058 2557 potest
1071 2497 1148 2541 vero

129 2577 162 2642 de
177 2600 301 2663 corpore
319 2576 392 2654 dici,
411 2585 447 2639 ut
464 2574 531 2640 fere
548 2570 606 2640 τὸν
617 2578 730 2660 χρῶτα
744 2573 1028 2658 διακεκναισμένος
1040 2575 1149 2664 legen-

128 2680 193 2745 dum
213 2703 283 2747 esse
307 2679 463 2764 suspicer,
486 2677 571 2762 quod
595 2676 756 2761 aliquanto
779 2677 851 2764 plus
874 2690 923 2743 est
944 2700 1039 2762 quam
1063 2682 1149 2765 quod

128 2784 199 2849 edita
219 2784 374 2870 scriptura
395 2781 526 2859 indicat,
554 2790 586 2846 et
610 2779 716 2845 omnia
742 2780 796 2846 illa
817 2780 901 2846 mala
922 2782 1148 2868 complectitur,

128 2909 196 2969 quae
211 2888 293 2952 infra
310 2910 357 2951 vs.
378 2884 575 2951 1017-19.
593 2882 695 2948 iustus
714 2894 820 2949 orator
836 2893 1008 2951 enumerat.
1052 2886 1150 2953 Prae-

31 2989 32 3026 *
128 3000 200 3056 terea
220 2991 328 3056 nescio
349 3013 391 3054 sn
409 2987 611 3054 scribendum
629 2986 669 3052 sit
688 2982 727 3051 οὖ
746 2982 809 3073 γὰρ
828 2981 868 3053 ἂν
885 2989 1000 3075 τλαίην
1016 2984 1050 3073 μ’
1067 2990 1149 3057 ἰδεῖν

128 3130 163 3141 -
182 3094 474 3175 διακεκναισμένον.
518 3092 569 3155 lto
596 3112 706 3156 omnes
734 3090 768 3155 in
794 3089 940 3157 omnibus
964 3091 1080 3179 linguis
1102 3094 1149 3159 lo-

31 3229 33 3274 3
130 3208 260 3279 quuntur,
279 3218 382 3280 neque
400 3194 465 3260 ulla
483 3217 579 3260 causa
594 3193 737 3279 exputari
751 3204 866 3280 potest,
886 3217 942 3259 cur
955 3218 974 3260 a
989 3198 1147 3261 communi

32 3319 33 3360 3
131 3301 273 3388 cogitandi
291 3310 323 3366 et
341 3298 466 3364 dicendi
483 3321 594 3363 norma
612 3298 745 3383 scriptor
763 3298 940 3363 desciverit.

567 3484 615 3540 Vs.
634 3484 695 3538 250.

200 3603 262 3660 ΣΩ.
290 3591 405 3678 βούλει
422 3588 464 3656 τὰ
482 3595 564 3655 θεῖα
581 3585 747 3676 πράγματ’
765 3588 887 3656 εἰδέναι
905 3595 1023 3677 σαφιῦς

201 3689 266 3762 ἅττ’
284 3693 373 3762 ἐστὶν
393 3691 516 3780 ὀρθῶς.
562 3702 626 3760 ΣΤ.
653 3690 691 3780 νὴ
710 3687 778 3772 Δί’,
797 3693 891 3780 εἴπερ
911 3691 981 3760 ἔστι
997 3719 1044 3781 ys.

181 3813 297 3881 Mirum
316 3825 366 3881 est
385 3809 514 3900 ὀρθῶς,
539 3814 624 3898 quod
642 3836 714 3879 eum
734 3811 822 3879 ἐστὶν
839 3814 982 3900 profecto
1000 3818 1150 3907 coniungi

33 3959 34 3964 η
129 3937 182 3981 non
205 3929 320 4005 potest,
347 3917 466 3983 nemini
492 3917 670 3982 criticorum
693 3918 1150 4003 praeterquamHerwerdeno

131 4018 280 4088 offensioni
319 4022 438 4099 suisse3
478 4031 511 4086 at
549 4021 635 4105 quod
674 4020 727 4085 ille
768 4020 883 4086 conicit
923 4018 1044 4105 ὅντως,
1086 4049 1150 4090 non

132 4123 260 4191 credibile
292 4137 342 4192 est
369 4150 388 4190 a
414 4133 508 4211 poeta
537 4125 687 4210 scriptum
715 4122 825 4190 fuisse.
872 4122 1054 4192 Genuinum
1082 4130 1150 4194 sine

132 4222 213 4291 dubio
230 4239 289 4294 este
758 4233 760 4236 ’
