2859 4909
470 382 769 441 LYSISTRATA.
1077 373 1140 439 119

556 556 607 612 Vs.
625 556 685 612 105.

217 691 234 762 ὃ
252 691 284 763 δ’
301 693 380 780 ἐμός
397 720 440 783 μα
456 695 554 763 καῖκα
568 691 600 762 ’κ
616 700 677 776 τᾶς
694 701 797 783 ταγᾶς
815 695 892 786 ἔλσῃ
910 696 1009 766 πυκά.

175 851 223 916 lta
238 849 319 917 haec
335 850 436 931 edidi,
458 873 532 917 cum
549 850 648 939 vulgo
665 872 777 918 versus
794 852 840 918 ita
857 852 992 939 scriptus
1010 851 1051 917 sit
1069 847 1088 918 ὁ
1106 849 1139 919 d'

123 951 192 1037 ἐμός
206 978 248 1040 μα
264 949 325 1021 κᾶν
343 952 378 1021 ἐκ
394 959 456 1033 τᾶς
471 959 575 1041 ταγᾶς
593 953 671 1041 ἔλσῃ
688 953 792 1036 ποκά,
811 954 845 1021 in
862 953 978 1041 quibus
994 948 1054 1022 ndu
1070 955 1142 1021 atti·

121 1078 182 1121 cum
199 1068 256 1136 est,
273 1078 339 1123 non
355 1057 544 1124 laconicum.

512 1329 561 1385 Vs.
581 1329 738 1385 113-116.

236 1466 299 1555 tyci
319 1467 356 1536 δέ
376 1465 403 1555 μ’
421 1463 461 1535 ἂν
478 1464 539 1535 κᾶν
557 1468 591 1537 c'c'
604 1493 647 1554 με
663 1472 754 1558 χρείη
772 1462 965 1555 τοῦγκυκλον

233 1573 328 1640 τουτὶ
345 1575 551 1639 καταθεῖσαν
569 1569 696 1640 ἐκπιεῖν
714 1567 916 1660 αὐθημερόν.

172 1728 210 1793 In
226 1726 275 1793 his
295 1723 359 1813 ἐγὼ
378 1725 416 1794 δέ
431 1749 470 1813 με
486 1726 561 1791 ferri
583 1748 648 1792 non
668 1745 765 1812 posse
788 1736 932 1814 apertum
954 1735 1013 1794 est.
1057 1726 1139 1794 Rav.

118 1841 143 1895 et
162 1828 276 1898 Suidas
300 1826 391 1916 ἔγωγ’
416 1824 456 1896 ἂν
478 1826 610 1908 habent,
638 1829 725 1913 quod
745 1828 786 1895 ad
809 1825 873 1915 ἐγὼ
894 1825 957 1917 μὰρ
981 1824 1021 1897 ἂν
1042 1829 1139 1909 ducit,

117 1934 169 1999 nisi
183 1932 343 2020 praeferas
363 1929 426 2018 tyri
444 1932 504 2016 ptr
519 1925 568 2010 ἄν,
587 1932 639 1997 vel
656 1932 743 2017 quod
755 1931 916 2020 Bergkius
934 1932 1023 1999 dedit
1040 1931 1140 2020 ἔγωγέ

116 2032 175 2104 τᾶν.
219 2035 369 2103 Secundo
386 2058 483 2101 versu
501 2032 633 2119 ἐμπιεῖν
650 2035 779 2122 scripsi,
800 2045 972 2123 praeeunte
987 2036 1140 2124 Bergkio.

117 2138 198 2223 Quae
214 2139 266 2205 his
283 2139 427 2227 proxime
445 2137 561 2206 subicit
579 2136 747 2205 Calonioar

232 2273 297 2365 syo
317 2275 355 2342 ct
370 2271 397 2362 μ’
415 2271 455 2341 ἂν
472 2269 532 2342 κᾶν
550 2271 696 2362 ὡσπερεὶ
713 2280 844 2363 ψῆτταν
864 2274 951 2343 δοκῶ

233 2380 349 2447 δοῦναι
367 2374 407 2447 ἂν
425 2373 568 2467 ἐμαυτῆς
585 2382 834 2466 παραταμσῦσα
851 2373 992 2466 θῆμισυ,

116 2540 146 2583 eu
168 2517 416 2603 quotiescunque
442 2515 507 2604 legi
533 2526 565 2582 et
590 2517 690 2604 relegi
715 2516 835 2601 aliquid
865 2515 934 2581 vitii
959 2516 1139 2604 suscepisse

115 2621 182 2687 mihi
205 2621 277 2687 visa
303 2629 393 2700 sunt3
428 2643 502 2685 nam
529 2642 602 2686 oum
633 2618 768 2685 dixisset
793 2618 961 2706 Myrrhina
985 2621 1053 2686 volo
1085 2644 1139 2709 epo

113 2748 222 2811 μσιικν,
258 2726 361 2791 rivel
384 2725 538 2812 mayolum
565 2725 765 2810 oppipnerori
790 2734 941 2810 oporteat,
977 2723 1048 2809 quis
1074 2747 1139 2791 non

117 2837 248 2915 expectet
262 2827 436 2894 orationem
450 2824 593 2893 similiter
607 2824 837 2891 conformatam
850 2825 883 2891 in
896 2825 981 2892 huno
994 2825 1139 2893 modumx

118 2953 161 3017 eqo
188 2954 257 2997 vcro
282 2953 394 3018 pacem
424 2931 508 3005 colo,
544 2930 573 2993 ai
601 2930 650 2994 uel
679 2952 789 3016 empus
817 2931 965 2995 dissecare
991 2942 1137 3017 oporteat.

117 3033 195 3100 Nunc
216 3044 323 3100 autem
344 3032 406 3099 hoc
427 3032 504 3098 dicit
525 3054 579 3118 epo
601 3054 670 3097 vero
693 3033 797 3098 κίσσαν
817 3032 895 3097 milri
914 3033 963 3097 uel
977 3035 1139 3099 dimidium

119 3160 212 3225 copas
235 3140 403 3203 dissertare
425 3157 497 3201 ιιιι.
543 3132 617 3217 Qua
638 3134 789 3202 orationis
806 3134 1055 3202 conformatione
1072 3137 1139 3203 vio·

118 3238 187 3306 latur
210 3238 409 3326 aequalitatis
436 3238 489 3306 lex
515 3246 697 3304 constanter
723 3238 756 3302 in
783 3237 933 3303 diverbiis
960 3237 1137 3318 observata,

119 3365 203 3428 aqua
218 3341 405 3429 Lampitoni
421 3339 569 3407 recedere
587 3339 716 3420 licebat,
741 3362 809 3405 non
822 3338 937 3406 licebat
956 3339 1137 3409 Calonicae.

119 3443 169 3511 llis
189 3446 292 3513 causis
315 3466 354 3512 eo
376 3444 532 3511 adductus
554 3466 640 3520 sum,
667 3453 703 3509 ut
725 3442 831 3510 locum
852 3444 897 3510 ita
918 3442 1137 3533 relingendum

120 3548 294 3616 existimem:
364 3562 366 3566 “

232 3684 294 3772 ἐμω
314 3685 351 3752 δέ
368 3680 395 3772 y'
413 3679 453 3751 dv
470 3679 531 3751 uda
550 3678 697 3777 ὡσπερεὶ
714 3690 844 3773 ψῆτταν
864 3685 920 3772 δέῃ

231 3788 348 3857 δοῦναί
363 3784 396 3873 μ’
414 3787 556 3872 ἐμαυτῆς
572 3792 837 3872 παραταμσῦσαν
854 3784 995 3875 θῆμισυ.

121 3920 214 4010 Neque
233 3926 373 3993 violenta
394 3935 442 3992 est
463 3924 610 4003 mutatio,
637 3924 794 4010 siquidem
816 3930 933 4004 ACHI,
962 3924 1018 3992 ubi
1041 3925 1139 3993 semel

122 4024 147 4091 iu
169 4036 266 4097 ΔΘΚ]
289 4028 435 4107 abiisset,
463 4026 557 4095 facile
582 4026 673 4095 vides
700 4050 797 4113 quam
822 4028 971 4114 proclivis
997 4028 1072 4095 inde
1099 4029 1139 4095 ad

125 4137 217 4199 ΔΟΚΩ
242 4134 283 4199 sit
308 4119 476 4199 abeiratio.
529 4130 595 4197 Pro
622 4137 888 4217 παραιαμαῦσα,
924 4130 976 4197 vel
1006 4143 1042 4197 ut
1066 4130 1138 4196 libri

124 4228 222 4299 habent
239 4240 472 4323 παριαμυῦσα,
491 4234 652 4322 Bergkius
671 4232 867 4320 ἄρισμοῦσα
885 4234 982 4300 dedit.
