2859 4909
618 374 955 434 ACHARNENSES.

720 514 770 571 Vs.
788 515 848 570 136.

411 620 528 711 χρόνον
544 619 604 704 μὲν
622 614 681 686 oria
699 616 740 687 ἂν
757 609 838 707 ἦμεν
856 618 889 686 ἐν
909 617 1017 706 θράκῃ
1035 616 1149 698 πολύν,

415 722 507 812 εἰμὴ
526 728 683 809 amaneus
699 722 788 805 χιόνι
805 719 864 809 τὴν
883 721 1009 811 θρᾴκηι
1027 716 1104 808 ὅλην

415 830 471 895 καὶ
487 825 567 906 τοὺς
584 826 759 910 ποτάμους
776 826 949 913 κατέπηξε.

333 948 407 1016 Non
429 949 497 1015 sine
519 948 693 1016 offensione
716 956 766 1013 est
786 945 872 1031 quod
890 945 1036 1012 Theoms
1053 944 1094 1011 de
1112 967 1146 1012 se
1164 966 1229 1010 uno
1246 967 1313 1010 nu-

268 1072 357 1118 mero
378 1051 492 1138 plurali
514 1052 626 1129 utitur,
649 1073 723 1117 cum
745 1050 780 1115 in
797 1048 1002 1134 sequentibus
1021 1058 1053 1114 et
1068 1049 1139 1135 ipse
1157 1048 1311 1114 Theorus

271 1167 302 1220 et
318 1154 524 1242 Dicaeopolis
547 1154 700 1243 singulari
722 1163 843 1231 utatur3
866 1152 1020 1218 intellexit
1040 1150 1101 1216 hoo
1118 1150 1310 1229 Elmsleius,

270 1257 375 1324 minus
410 1257 490 1325 bene
522 1268 628 1325 tamen
663 1253 759 1342 ἔμειν’
789 1251 830 1323 ἂν
864 1277 922 1342 pro
953 1251 993 1321 ἂν
1023 1244 1103 1341 ἦμεν
1134 1254 1335 1347 οοηὶοἰθηε..

271 1360 377 1429 Credo
389 1361 565 1449 scripsisse
581 1361 832 1448 Aristophanem
848 1367 1006 1435 ΗΜΑΔΙ,
1032 1357 1054 1423 i.
1073 1380 1102 1422 e.
1123 1348 1144 1446 ἦ
1167 1355 1215 1442 μὰ
1237 1358 1308 1438 Δί’,

268 1464 443 1548 quodcum
456 1465 588 1552 proclivi
605 1487 709 1530 errore
727 1463 859 1530 abiisset
875 1463 907 1526 in
921 1469 1076 1539 HMAIN,
1093 1471 1205 1548 postea
1221 1460 1257 1525 id
1275 1461 1311 1525 in

269 1556 351 1654 ἧμιν
369 1577 551 1654 corruptum
569 1577 628 1633 est.
673 1565 771 1651 Quod
787 1565 979 1653 Blaydesius
998 1574 1150 1650 sequente
1166 1563 1313 1630 Miillero

272 1670 407 1736 coniecit
424 1664 481 1735 oria
499 1665 588 1755 ἀπῆν
607 1663 647 1736 ἂν
665 1667 700 1737 lv
718 1668 840 1756 θράκῃ,
863 1691 927 1733 non
944 1690 1040 1733 unam
1058 1667 1100 1733 ob
1118 1690 1247 1734 causam
1266 1691 1311 1733 an

271 1795 337 1839 non
353 1782 439 1838 recte
459 1772 579 1838 dictum
596 1772 637 1838 sit
654 1772 734 1839 mihi
751 1783 934 1859 suspectum
953 1781 1010 1836 est.

337 1874 429 1960 Quae
452 1899 528 1942 mox
551 1887 728 1962 sequuntur
752 1875 850 1942 verba
876 1898 924 1940 vs.
949 1874 1022 1940 139.
1049 1868 1105 1940 ὕπ’
1126 1868 1226 1941 αὐτὸν
1248 1871 1313 1941 τὸν

269 1977 403 2065 χρόνον.
422 1972 468 2045 ὅτ’
490 1976 608 2045 ἐνθαδὶ
628 1984 760 2066 θέογνις
776 1976 965 2066 ἠγωνίζετο,
989 2000 1101 2064 parum
1119 1989 1192 2065 apte
1208 1977 1313 2065 vulgo

272 2081 399 2147 Theoro
434 2082 670 2162 continuantur,
706 2083 762 2167 qui
801 2082 885 2147 unde
919 2081 1080 2148 resciverit
1114 2082 1148 2146 in
1182 2081 1312 2147 Thrace

272 2184 493 2273 Theognidem
524 2185 637 2251 eodem
667 2197 808 2272 tempore
838 2184 990 2272 frigidum
1020 2184 1130 2250 drama
1160 2184 1310 2250 docuisse

271 2309 335 2354 non
352 2288 546 2376 intelligitur.
591 2288 691 2354 Recte
708 2288 872 2355 Nauchius
891 2311 929 2354 ea
946 2286 1167 2374 Dicaeopolidi
1187 2287 1313 2353 tribuit.

337 2390 444 2476 Quam
462 2392 560 2458 libere
577 2392 715 2479 grassati
729 2392 792 2457 sint
808 2391 927 2458 librarii
944 2391 977 2456 in
989 2390 1215 2476 Aristophane,
1234 2413 1310 2456 cum

272 2494 342 2560 aliis
365 2495 473 2561 multis
495 2496 573 2560 loeis
595 2495 781 2582 intelligitur
804 2506 873 2561 tum
894 2518 934 2560 ex
951 2494 991 2561 iis
1008 2517 1089 2579 quac
1105 2495 1249 2582 proxime
1266 2494 1311 2560 de

274 2595 392 2663 Sitalce
409 2598 596 2674 inferuntur,
613 2597 670 2663 ubi
687 2621 761 2664 cum
779 2621 889 2663 omnes
907 2597 979 2663 libri
996 2597 1134 2662 habeant
1151 2599 1207 2663 καὶ
1224 2596 1312 2683 δῆτα

273 2699 500 2787 φιλαθήναιος
521 2689 561 2786 ἦν
583 2695 766 2787 ὑπερφυῶς
787 2695 924 2789 ὖμιῦνι3
945 2697 1084 2789 ἐραστὴς
1100 2689 1139 2787 ἦν
1157 2694 1308 2787 ἀληθῶς,

272 2801 367 2867 facile
392 2802 447 2887 qui
472 2801 523 2866 vel
547 2802 748 2869 mediocriter
772 2803 989 2869 incredibilem
1015 2803 1109 2868 huius
1136 2813 1249 2888 poetae
1274 2804 1310 2868 in

272 2903 407 2970 dicendo
433 2905 622 2992 elegantiam
648 2907 858 2995 perspexerit,
892 2896 932 2994 ἦν
962 2906 1100 2994 pessime
1125 2905 1178 2971 hic
1202 2906 1310 2972 iterari

272 3008 435 3073 concedet.
472 3005 715 3091 Quamobrem
724 3009 867 3097 Dobraei
881 3010 1093 3075 coniecturam
1108 3004 1154 3088 ὦς
1168 3005 1311 3097 ἀληθῶς

273 3109 439 3176 scribentis
457 3110 634 3196 probarem,
652 3111 714 3177 nisi
731 3111 872 3178 faciliore
890 3113 1107 3179 emendatione
1124 3108 1230 3199 viJAl'
1249 3135 1310 3199 pro

271 3203 310 3302 ἦν
338 3213 541 3279 scribendum
566 3213 733 3282 videretur.
773 3222 887 3282 ΝΗΔΙ
910 3237 1005 3300 quam
1031 3215 1118 3281 facili
1145 3237 1311 3281 errorem
1276 3215 1284 3231 ’

271 3324 341 3384 ΗΝ
354 3317 512 3404 corrumpi
529 3317 667 3404 potuerit
685 3328 829 3404 apertum
847 3328 905 3384 est

336 3420 397 3488 Vs.
418 3420 491 3487 147.
514 3430 599 3486 recte
618 3419 760 3487 Cobetus
783 3420 823 3486 N.
842 3422 884 3486 L.
907 3444 938 3508 p.
960 3421 1030 3488 157.
1052 3421 1194 3508 reposuit
1215 3416 1312 3509 ἠντε-

270 3524 365 3609 βόλει
394 3547 452 3612 pro
478 3520 654 3611 ἠντιβόλει.
698 3524 845 3590 Eandem
871 3524 1005 3589 formam
1036 3524 1154 3590 frustra
1183 3524 1309 3590 codices

273 3625 443 3693 Gaisfordo
471 3627 685 3693 obtulerunt
675 3651 709 3692 1n
736 3627 864 3693 oraculo
886 3627 972 3714 apud
992 3626 1171 3693 Eusebium
1192 3625 1311 3715 Praep.

271 3729 336 3795 Ev.
353 3728 394 3807 V,
415 3729 466 3794 12.
486 3752 518 3816 p.
536 3730 612 3797 426.
631 3720 718 3817 ἦλθε
735 3727 797 3820 γὰρ
816 3727 1014 3817 ἠντεβόλησε
1030 3735 1132 3817 μέγας
1149 3729 1244 3808 θεός.

725 3899 774 3954 Vs.
794 3901 854 3955 176.

331 3999 418 4090 χαῖρ’
430 4000 602 4093 Ἀμφίθεε.
643 4000 686 4072 71.
704 4003 844 4091 μήπωγε
862 4006 941 4094 πρὶν
961 4000 1001 4072 ἂν
1020 4010 1088 4072 στῶ
1106 4008 1239 4094 τρέχων.

273 4199 278 4208 1
337 4123 431 4190 Haec
456 4123 608 4190 librorum
634 4125 790 4212 scriptura
816 4135 879 4205 est,
910 4149 1007 4212 quam
1036 4149 1109 4192 cum
1140 4125 1194 4191 alii
1220 4124 1314 4190 aliter

273 4227 440 4294 emendare
458 4228 563 4295 conati
580 4229 652 4307 sint,
671 4251 732 4317 ego
750 4229 794 4296 ita
812 4231 1030 4318 corrigendam
1047 4229 1156 4317 putavi
1174 4239 1208 4294 ut
1223 4225 1311 4296 tarn
