2859 4909
327 407 368 475 86
780 417 904 476 Avus.

327 563 481 652 scriptura
494 570 553 640 est,
567 561 684 645 dequo
698 560 779 625 dixit
790 560 964 640 Nauckius,
979 571 1063 627 certa
1075 584 1184 628 rursus
1197 562 1231 628 in
1245 561 1374 651 fragm.

326 667 476 756 anonymi
489 666 564 733 241.
583 659 656 732 οὐδ’
672 660 772 753 ἄγ’ρῖα
787 660 850 752 γὰρ
869 658 958 751 όρνις
975 659 1014 751 ἢν
1031 662 1143 753 πλάσῃ
1163 662 1280 749 δόμον.
1321 666 1373 731 At

325 772 471 840 Philemo
493 769 578 856 apud
599 767 719 834 Athen.
741 767 821 835 Vll.
843 791 875 856 p.
899 767 973 834 288.
1001 791 1064 835 non
1091 768 1217 856 scripsit
1243 763 1372 853 ὅμοιον

327 871 451 964 ἐγένετ’,
467 869 556 962 όρνις
571 867 698 940 ὁπόταν
712 866 859 959 ἁρπάσῃ,
876 870 933 940 sed
947 866 1042 939 ὁπότ’
1054 866 1094 939 δν
1108 866 1197 957 όρνις
1211 866 1371 961 ἁρπάσῃ.

777 1058 827 1113 Vs.
846 1057 906 1113 181.

477 1160 531 1234 ότι
550 1165 586 1232 δὲ
602 1165 759 1233 πολεῖται
774 1169 872 1231 τοῦτο
890 1165 946 1229 καὶ
965 1162 1127 1251 διέρχεται
1233 1239 1235 1242 ,

476 1264 609 1338 ἅπαντα
627 1266 684 1335 διὰ
701 1266 830 1349 τούτου,
849 1268 998 1335 καλεῖται
1014 1273 1070 1334 νῦν
1088 1267 1203 1347 πόλος.

390 1393 482 1461 Haec
491 1391 609 1458 frustra
618 1388 787 1468 Cobetum,
798 1410 893 1475 quem
902 1389 986 1456 iusto
994 1389 1195 1478 festinantius
1205 1402 1367 1476 sequutus

327 1521 408 1576 sum,
419 1504 620 1582 suspectasse
628 1492 746 1580 optime
755 1491 862 1559 docuit
871 1491 1033 1579 Hauptius
1043 1491 1155 1580 Progr.
1166 1494 1255 1559 acad.
1267 1496 1368 1563 1862.

325 1625 356 1689 p.
376 1601 407 1667 5.
432 1595 488 1666 διὰ
504 1596 624 1665 τούτου
642 1618 700 1683 pro
714 1592 772 1663 διὰ
789 1600 888 1663 τοῦτο
905 1594 1039 1682 Bergkii
1056 1608 1104 1662 est
1122 1597 1317 1665 emendatio

778 1783 827 1838 Vs.
846 1782 906 1837 210.

520 1890 619 1956 λῦσον
637 1887 674 1956 δὲ
690 1888 812 1973 νόμους
831 1887 926 1977 ἱερῶν
944 1881 1064 1971 ὕμνων,

392 1993 408 2046 (
519 1991 577 2072 οὓς
596 1988 653 2058 διὰ
670 1996 769 2059 θείου
788 1990 953 2075 στόματος
971 1995 1115 2078 θρηνεῖς,

517 2094 575 2165 τὸν
592 2092 671 2181 ἐμὸν
687 2096 744 2162 καλ
761 2092 821 2162 σὸν
838 2094 1045 2184 πολύδακρυν
1055 2090 1139 2164 'laus

520 2198 723 2286 ἐλελιζομένη
743 2198 866 2286 διεροῖς
883 2200 1014 2281 μέλεσιν

519 2308 632 2391 γένυος
650 2303 785 2390 ξουθῆς.
820 2359 824 2362 ,

407 2455 411 2458 -
518 2402 655 2496 καθαρὰ
671 2417 775 2492 χωρεῖ
792 2403 848 2472 διὰ
866 2404 1076 2493 φυλλοκόμου

519 2511 678 2595 σμίλακος
695 2505 764 2597 ἠχὼ
782 2505 869 2594 πρὸς
886 2504 968 2587 Διὸς
985 2505 1083 2596 ἕδρας
1099 2544 1143 2556 -

389 2633 479 2701 Ferri
495 2655 558 2699 non
576 2640 690 2718 potest,
709 2641 744 2695 ut
762 2629 839 2694 mihi
857 2628 985 2713 quidem
998 2628 1131 2705 videtur,
1150 2632 1252 2697 oratio
1266 2656 1364 2720 asyn-

325 2738 398 2805 deta
410 2735 484 2802 inde
499 2758 519 2801 a
531 2758 579 2800 vs.
593 2733 667 2801 216.
682 2732 734 2799 cui
746 2732 947 2799 incommodo
959 2732 1004 2798 ita
1017 2732 1092 2798 olim
1106 2733 1360 2802 subveniendum

325 2865 396 2911 esse
417 2836 651 2916 existimabam,
676 2846 711 2901 ut
733 2845 806 2902 ante
828 2832 963 2924 καθαρὰ
984 2835 1103 2920 aliquid
1121 2838 1279 2905 excidisse
1298 2831 1369 2908 sta-¹

324 2958 459 3023 luerem,
483 2965 510 3009 e.
530 2964 558 3007 c.
581 2941 637 3006 καὶ
659 2935 698 3026 δὴ
721 2935 857 3028 καθαρὰ
873 2942 1033 3025 καθαρῶς
1047 2951 1162 3029 χωρεῖ,
1185 2941 1237 3006 vel
1256 2943 1362 3009 simile

323 3049 411 3137 quid.
454 3045 502 3114 At
522 3045 633 3110 vitium
655 3042 718 3108 loci
739 3041 773 3107 in
794 3041 1055 3128 praecedentibus
1076 3042 1182 3129 potius
1205 3066 1361 3129 quaeren-

323 3154 399 3221 dum
413 3162 471 3226 est.
489 3150 522 3215 in
536 3146 652 3234 quibus
665 3144 744 3211 illud
759 3146 853 3210 etiam
867 3168 1015 3233 magnam
1029 3144 1238 3213 offensionem
1252 3148 1360 3229 habet,

324 3255 410 3345 quod
421 3253 573 3320 lusciniae
587 3249 727 3316 carmina
737 3259 891 3314 vocantur
901 3247 1003 3335 διερά,
1018 3249 1103 3334 quod
1116 3250 1171 3334 qui
1185 3251 1225 3316 de
1239 3251 1361 3338 liquida
1417 3319 1418 3322 ,

322 3382 400 3428 voce
418 3360 670 3444 interpretantur,
689 3374 753 3436 quo
771 3351 839 3417 iura
855 3351 889 3416 id
901 3349 969 3419 fieri
982 3353 1083 3440 possit
1096 3376 1160 3420 non
1173 3354 1359 3422 docuerunt.

323 3464 430 3550 Quare
447 3461 553 3528 locum
569 3457 614 3524 ita
631 3454 841 3523 conformavi:
951 3495 954 3499 -

495 3560 552 3642 οὓς
571 3557 628 3629 διὰ
644 3547 743 3627 θείου
764 3556 929 3642 στόματος
946 3565 1082 3647 θρηνεῖς

492 3664 550 3736 τὸν
568 3660 646 3748 ἐμὸν
663 3664 721 3729 καὶ
738 3658 797 3729 σὸν
815 3661 1023 3750 πολύδακρυν
1034 3659 1131 3731 Ἴτυν·

495 3767 717 3855 ἐλελιζομένης
736 3761 767 3833 δ’
785 3764 886 3855 ἱεροῖς
903 3766 1034 3850 μέλεσιν

494 3878 607 3961 γένυος
626 3873 751 3957 ξουθῆς

492 3970 630 4063 καθαρὰ
645 3984 749 4059 χωρεῖ
766 3969 823 4040 διὰ
841 3966 1052 4060 φυλλοκόμου

494 4080 652 4162 σμίλακος
668 4072 737 4163 ἠχώ
755 4071 842 4162 πρὸς
859 4071 940 4154 Διὸς
958 4072 1056 4161 ἕδρας
1071 4111 1116 4123 -

385 4186 425 4251 In
438 4181 564 4270 duplice
578 4179 759 4245 accusativo
773 4177 831 4258 οὓς
844 4184 980 4266 θρηνεῖς
997 4174 1054 4245 τὸν
1073 4175 1151 4263 ἐμὸν
1162 4175 1246 4246 ’λτυν
1263 4202 1355 4247 nemo
1414 4219 1416 4268 η

320 4290 375 4379 qui
396 4288 533 4375 aliquem
556 4280 671 4371 poetici
693 4281 847 4348 sermonis
870 4274 964 4348 usum
990 4281 1086 4354 habet
1112 4282 1262 4350 haerebit.
1306 4281 1353 4349 Ne
1412 4327 1414 4356 i

1402 4619 1413 4880 l
