2859 4909
367 369 886 429 THESMOPHORIAZUSAE.
1084 359 1146 426 151

118 513 196 579 iulia
225 537 274 580 vs.
306 514 381 580 880.
412 512 547 579 restitui.
591 512 670 598 Ipsa
700 512 808 579 autem
842 501 1150 600 thesmophoriorum

119 616 306 683 sollemnitas
323 626 409 682 recte
426 614 646 703 θεσμοφόρια
662 614 787 681 dicitur.

564 750 615 806 Vs.
633 750 695 806 284.

263 847 291 923 ὦ
311 862 440 945 Θρᾷττα
458 853 516 945 τὴν
533 862 646 944 κίστην
663 855 788 923 κάθελε
805 846 875 945 κᾷτ’
892 855 979 939 ἔξελε

262 957 305 1027 τὰ
323 960 473 1027 πόπανα.

175 1062 273 1147 Quod
291 1086 352 1151 ego
370 1064 446 1130 olim
464 1064 660 1129 conieceram
677 1060 736 1149 τὴν
753 1066 865 1148 κίστην
883 1062 1049 1145 κατάθου,
1073 1088 1150 1132 con-

116 1167 182 1231 iecit
198 1190 284 1233 nunc
303 1168 398 1233 etiam
416 1166 666 1246 Herwerdenus3
685 1165 823 1244 κάθελε,
841 1166 926 1250 quod
946 1189 986 1232 ex
1003 1169 1148 1254 proximo

117 1258 178 1357 κᾷτ’
198 1269 287 1352 ἔξελε
313 1280 424 1336 natum
451 1281 513 1349 est,
543 1293 639 1336 sensu
665 1291 793 1335 cassum
820 1279 878 1335 est.
923 1268 1046 1356 Aptum
1073 1294 1149 1337 vero

116 1374 217 1457 reique
241 1373 516 1439 accommodatum
537 1383 587 1439 est
609 1372 744 1439 verbum
765 1376 996 1452 καταθέσθαι,
1023 1374 1063 1439 de
1085 1396 1149 1459 quo

118 1475 154 1542 cf.
179 1476 324 1542 Acharn.
354 1478 428 1543 243.
458 1476 612 1543 κατάθου
644 1474 683 1543 τὸ
710 1480 827 1542 κανοῦν
855 1464 882 1540 ὦ
909 1475 1071 1564 θυγάτερ,
1107 1473 1146 1544 ἵν’

117 1573 360 1668 ἀπαρξώμεθα,
380 1580 436 1646 ubi
453 1581 586 1645 eandem
604 1580 698 1666 plane
715 1602 821 1645 rerum
839 1579 954 1645 faciem
971 1579 1082 1647 habes.

564 1716 614 1772 Vs.
633 1716 694 1770 289.

216 1821 351 1888 καὶτοῦ
370 1825 553 1909 θυγατρίου
570 1832 683 1907 χοῖρον
702 1816 821 1910 άυδρός
837 1845 898 1905 μοι
914 1833 1031 1905 τυχεῖν.

172 1932 312 2020 Legitur
334 1933 432 2021 vulgo
455 1935 510 1999 καὶ
532 1930 590 2021 τὴν
612 1936 796 2019 θυγατέρα,
821 1934 907 2018 quod
925 1934 995 1999 aliis
1012 1923 1070 2021 τῆς
1087 1940 1151 2002 θυ-

117 2039 257 2123 γατέρος,
276 2037 355 2102 mihi
372 2043 431 2103 τοῦ
450 2040 634 2124 θυγατρίου
655 2036 791 2101 scribere
809 2036 938 2123 placuit.
981 2037 1149 2103 Audacius

116 2136 316 2205 Hnmakerus
343 2140 449 2205 locum
475 2140 520 2205 ita
546 2139 714 2204 emendare
742 2138 804 2204 sibi
829 2140 918 2204 visus
941 2150 1004 2217 est,
1031 2150 1066 2205 nt
1091 2137 1151 2226 τὴν

117 2245 282 2330 θυγατέρα
304 2255 455 2329 tanquam
478 2244 639 2330 glossema
662 2242 834 2329 expelleret
856 2240 1068 2327 scriberetque
1094 2245 1152 2308 καὶ

115 2357 219 2434 χοῖρον
241 2345 460 2436 ἐκτραφεῖσαν
479 2342 599 2431 ἀνδρός
616 2370 675 2430 μοι
692 2357 810 2428 τυχεῖν.

565 2481 614 2537 Vs.
633 2481 694 2535 294.

242 2587 375 2667 δούλοις
391 2585 454 2676 γὰρ
474 2582 534 2653 οὐκ
552 2582 651 2667 ἔξεστ’
668 2582 798 2652 άκοάειν
815 2591 881 2653 τῶν
899 2584 1014 2673 λόγων.

171 2698 248 2765 Non
270 2699 380 2767 dubito
401 2700 479 2783 quin
500 2709 585 2766 recte
608 2698 694 2764 hunc
716 2720 859 2776 versum,
882 2720 946 2783 quo
967 2697 1046 2763 nihil
1063 2701 1150 2787 cogi-

117 2803 168 2866 tari
184 2813 293 2889 potest
309 2803 460 2879 ieiunius,
478 2803 512 2867 in
528 2807 667 2881 νοθείας
685 2802 899 2888 suspicionem
917 2802 1109 2868 vocaverim.

173 2906 211 2971 In
237 2906 378 2971 oratione
404 2907 569 2991 praeconis
591 2929 640 2971 vs.
664 2904 738 2971 305.
761 2927 819 2990 pro
842 2905 974 2995 δρῶσαν
995 2919 1080 2972 τεοῖο
1102 2907 1149 2971 vi-

118 3006 201 3074 detur
230 3008 410 3096 Helwigius
434 3004 549 3095 ὁριῦσα
572 3009 758 3074 correxisse.
803 3008 845 3074 V.
871 3009 1076 3076 Jahrbiicher
1097 3010 1151 3074 tiis

118 3110 203 3178 class.
223 3112 340 3178 Philol.
362 3113 455 3178 1861.
474 3135 505 3197 p.
525 3111 599 3179 537.

563 3247 613 3303 Vs.
633 3247 694 3302 310.

261 3350 352 3421 ταῦτ’
370 3349 523 3436 εὔχεσθε,
543 3354 596 3418 καί
616 3348 693 3438 ἡμῖν
712 3348 830 3430 αὐτοῖς
846 3348 992 3440 τάγαθά.

173 3465 378 3533 Postremum
413 3465 468 3549 qui
502 3488 566 3529 non
600 3476 685 3530 recte
725 3464 845 3529 dictum
885 3486 958 3529 esse
995 3462 1150 3529 intellexit

40 3627 42 3632 .
118 3565 281 3636 Dobraeus
299 3564 408 3650 πολλά
426 3563 562 3655 κάγαθά
585 3567 723 3655 corrigit.
768 3567 893 3633 Lenius
911 3578 959 3634 est
976 3567 1062 3652 quod
1079 3567 1149 3654 ipse

119 3674 204 3754 posui
222 3667 317 3738 πάντ’
334 3667 461 3759 άγαθά.

563 3806 614 3862 Vs.
632 3807 693 3861 332.

283 3907 424 3995 εὔχεσθε
441 3924 513 3990 τοῖς
531 3916 647 3978 θεοῖσι
664 3923 736 3990 τοῖς
755 3907 936 3996 ὀλυμπίοις

282 4018 339 4082 καὶ
355 4029 430 4096 ταῖς
449 4012 659 4098 ὀλυμπίαισι.

125 4155 127 4158 ’
175 4127 214 4192 In
237 4126 432 4194 solemnibus
455 4127 701 4193 Atheniensium
724 4127 872 4213 precibus
899 4127 998 4192 dativi
1023 4129 1149 4214 generis

119 4226 253 4296 seminini
274 4254 339 4297 non
360 4231 394 4296 in
417 4254 489 4298 αισι
511 4231 623 4296 sedin
645 4254 702 4318 ῃσι
721 4232 836 4297 exiisse
854 4230 1010 4297 videntur.
1054 4225 1155 4297 Hanc
