2859 4909
640 397 1014 457 ECOLESIAZUSAE.

752 538 801 593 Vs.
821 538 897 592 1123.

437 648 574 730 κέρασον
592 639 746 728 ἄκρατον,
765 639 924 732 εὐφρανεῖ
938 641 996 729 τὴν
1013 640 1105 726 νύχθ’
1122 637 1210 731 ὅλην,

438 744 646 832 ἐκλεγόμενος
664 740 684 813 ὅ
700 772 735 814 τι
753 742 793 815 ἂν
810 740 940 830 μάλιστ’
958 740 1061 833 ὀσμὴν
1080 745 1145 835 έχῃ.

373 868 465 935 Haec
482 888 671 952 quocunque
688 877 721 933 te
738 876 843 933 vertas
856 866 1018 954 perinepte
1032 868 1143 933 ceteris
1155 867 1337 954 interposita
1382 859 1385 864 ¹

308 981 395 1050 sunt3
424 970 510 1057 quod
531 992 627 1054 quam
650 991 723 1036 vere
744 969 864 1035 dictum
886 970 940 1048 sit,
964 969 1134 1036 ostendunt
1154 970 1336 1056 interpretes

306 1074 437 1141 mirifice
460 1096 495 1140 se
517 1082 697 1159 torquentes
720 1082 753 1139 et
772 1072 850 1138 nihil
867 1073 1065 1139 extricantes.
1108 1072 1182 1139 Non
1200 1072 1338 1139 dubitavi

306 1178 409 1244 eicere
431 1178 645 1263 importunum
666 1175 833 1242 emblema.
876 1175 951 1243 Noli
971 1187 1077 1241 tamen
1103 1187 1216 1263 putare
1238 1199 1337 1263 gram-

307 1281 414 1347 matici
436 1280 544 1347 nescio
561 1279 651 1346 cuius
668 1269 796 1367 idgenio
814 1280 873 1346 hos
891 1302 1002 1346 versus
1020 1278 1142 1357 deberi,
1166 1290 1242 1346 sunt
1259 1279 1336 1345 enim

307 1384 549 1471 elegantissimi,
571 1382 672 1469 ipsius
694 1383 829 1450 fortasse
851 1381 1090 1469 Aristophanis,
1117 1393 1203 1448 certe
1230 1393 1336 1469 poetae

307 1488 434 1565 comici,
471 1510 491 1553 a
516 1487 722 1574 grammatico
749 1485 855 1570 aliquo
880 1486 914 1550 in
939 1486 1082 1573 margine
1108 1486 1274 1573 adscripti,
1304 1495 1336 1550 ut

306 1590 349 1657 de
380 1590 447 1656 vini
477 1590 574 1656 odore
603 1612 684 1674 quae
710 1588 942 1676 Aristophanes
974 1590 1053 1655 dixit
1083 1612 1168 1656 novo
1196 1588 1335 1675 exemplo

307 1694 486 1759 illustraret.

750 1843 800 1898 Vs.
820 1843 897 1898 1150.

496 1947 558 2032 έχω
578 1948 615 2016 δέ
631 1972 685 2016 σοι
701 1951 758 2015 καὶ
776 1947 862 2037 δᾷδα
878 1951 1012 2036 ταυτηνὶ
1028 1950 1145 2029 καλῶς.

373 2067 583 2137 Scribendum
601 2070 726 2135 videtur
742 2073 779 2156 γέ
795 2094 859 2148 σοι,
878 2091 1011 2155 quarum
1028 2069 1254 2157 particularum
1267 2091 1335 2134 con·
1404 2049 1405 2062 ¹

307 2174 426 2240 iunctio
443 2174 495 2240 hic
513 2174 617 2260 aptior
633 2183 695 2252 est3
719 2184 786 2238 tum
807 2174 916 2252 καλῶς
933 2172 1068 2239 fortasse
1086 2173 1183 2239 choro
1201 2172 1335 2239 tribuen-

306 2277 385 2341 dum
402 2286 451 2342 est
469 2276 559 2342 dene!
580 2279 657 2364 quid
671 2279 767 2363 ipitcr
784 2299 886 2341 moros
904 2274 1016 2341 nectis?
1057 2276 1174 2341 Paucis
1194 2273 1334 2342 versibus

255 2387 260 2396 '
307 2393 381 2446 ante
416 2379 502 2465 quod
537 2379 622 2445 edidi
657 2375 745 2446 ἐστὶν
781 2376 1028 2463 ἐσκευασμένον,
1063 2402 1120 2466 pro
1157 2375 1229 2446 ἐστ’
1264 2375 1334 2444 ἐπε-

308 2487 535 2566 σκευασμένον,
554 2481 617 2549 feci
633 2495 803 2570 praeeunte
819 2479 955 2561 Oobeto;
974 2492 1057 2547 recte
1076 2504 1162 2562 sane,
1183 2482 1332 2567 siquidem

313 2582 537 2667 ἐπισκευάζειν
551 2596 600 2653 est
616 2600 795 2665 restaurare,
814 2608 877 2652 non
894 2588 1051 2650 instruere.
1086 2584 1221 2651 Editum
1235 2596 1333 2651 tamen
1403 2641 1404 2650 ,

308 2687 386 2775 legit
415 2688 616 2774 Phrynichus
645 2688 785 2754 Bekkeri
815 2710 847 2774 p.
874 2688 932 2765 39,
959 2687 1010 2753 24.
1038 2685 1278 2757 inconcisam
1298 2683 1333 2753 τὸ

308 2790 457 2856 δεῖπνον·
474 2796 554 2877 χρῶ.
598 2791 669 2856 Nisi
686 2792 714 2857 is
733 2790 829 2856 alium
847 2791 951 2856 locum
969 2792 1117 2878 respexit.

702 2976 752 3033 Vs.
772 2977 942 3032 11541166.

399 3076 534 3170 σμικρὸν
553 3076 583 3147 d’
599 3077 800 3150 ὑποθέσθαι
816 3095 888 3163 τοῖς
905 3094 1050 3171 κριταῖσι
1067 3081 1242 3168 βούλομαι.

323 3239 327 3244 -
371 3201 419 3268 Ut
436 3202 469 3267 in
487 3211 552 3268 toto
571 3202 657 3269 exitu
675 3202 816 3283 fabulae,
836 3204 1020 3289 praesertim
1042 3203 1116 3269 inde
1138 3228 1158 3268 a
1175 3227 1224 3270 vs.
1245 3200 1331 3269 1165.

306 3306 407 3371 multa
424 3328 527 3391 neque
544 3306 665 3393 integre
682 3329 742 3372 nec
759 3306 851 3393 plene
868 3305 983 3371 tradita
1001 3316 1088 3385 sunt,
1110 3307 1155 3371 ita
1173 3308 1268 3373 ctiam
1284 3305 1330 3370 hic

306 3432 417 3476 versus
439 3408 535 3475 habet
555 3409 589 3474 in
610 3432 674 3496 quo
697 3409 854 3487 offendas3
877 3409 993 3496 requiri
1014 3409 1138 3474 videtur
1160 3409 1330 3476 trochaicus

305 3522 484 3578 tetrameter
505 3522 537 3578 et
559 3517 653 3599 aegre
677 3535 768 3579 careo
795 3532 873 3577 voce
899 3517 1041 3599 πρῶτον.
1085 3511 1236 3578 Fortasse
1261 3510 1331 3576 olim

305 3617 457 3702 scriptum
475 3615 549 3680 fuit:
1402 3609 1403 3620 ’

323 3714 459 3804 σμικρὸν
477 3714 678 3785 ὑποθέσθαι
696 3717 732 3784 δὲ
749 3722 882 3803 πρῶτον
899 3729 970 3796 σοῖς
987 3730 1132 3806 κριταῖσι
1149 3717 1317 3802 βούλομαι.

304 3837 397 3901 Idem
418 3847 553 3903 metrum
574 3838 700 3922 requiro
722 3838 817 3904 etiam
841 3838 934 3904 1166.
954 3860 1002 3923 sq.
1025 3860 1122 3922 quare
1143 3848 1216 3924 post
1233 3834 1329 3904 τάσδε

303 3943 358 4005 νῦν
384 3938 529 4005 lacunam
555 3940 707 4019 indicavi,
742 3942 927 4028 praesertim
958 3964 1030 4007 cum
1061 3940 1155 4007 etiarn
1182 3939 1330 4007 sententia

302 4040 422 4126 aliquid
440 4041 595 4108 excidisse
612 4043 735 4110 doceat.
775 4044 849 4110 Hoc
867 4045 951 4109 enim
968 4044 1071 4109 dicere
1089 4044 1226 4111 videtur:
1244 4046 1329 4110 ctiam
1401 4105 1402 4108 ,

303 4146 392 4211 hasce
410 4145 547 4210 ονιιιέοαε
564 4146 698 4233 rhythmi
716 4149 809 4234 Ζιροσι
826 4150 911 4235 sequi
928 4150 1017 4215 dccet.
1051 4147 1153 4215 τάσδε
1171 4170 1243 4214 cum
1260 4146 1330 4213 dicit

303 4248 434 4325 chorus,
452 4246 599 4335 intelligit
616 4248 728 4332 opinor
745 4246 804 4329 τὰς
821 4256 978 4338 μείρακας
995 4273 1042 4317 vs.
1063 4252 1157 4318 1138.
1177 4250 1270 4319 1151.
