2859 4909
422 1140 783 1214 ADDENDA.
853 1129 862 1136 ’

161 1396 260 1480 liquit.
278 1396 350 1460 487.
379 1396 434 1461 καὶ
453 1394 571 1481 κράγον
589 1393 789 1478 κεκράξεται.
818 1393 1011 1460 Revocanda
1029 1393 1124 1458 libro·

103 1524 165 1565 rum
182 1499 329 1584 scriptura
346 1499 475 1582 νραγόν.
521 1498 563 1562 V.
584 1496 728 1562 Lobeck.
748 1497 886 1585 Paralip.
906 1520 937 1584 p.
956 1497 1031 1562 506.

157 1644 235 1709 lbid.
255 1644 348 1709 1295.
382 1646 468 1731 φασὶ
485 1644 545 1726 μὲν
561 1642 624 1729 γὰρ
644 1638 744 1709 αὐτὸν
763 1640 979 1726 ἐρεπτόμενον
997 1642 1039 1709 τὰ
1057 1649 1123 1709 τιῦν

101 1747 227 1830 ἑχόντων
254 1742 377 1831 ἀνέρων
401 1749 405 1829 Ι
431 1742 489 1812 οὐκ
516 1742 556 1812 ἂν
584 1745 742 1827 ἐξελθεῖν.
787 1749 886 1824 Vere,
923 1747 1047 1832 opinor,
1083 1748 1123 1812 de

99 1851 232 1916 lectionis
259 1845 438 1936 integritate
465 1848 618 1914 dubitavi.
671 1848 882 1916 scribendum
909 1850 1034 1915 ridetur
1059 1856 1124 1916 τιον

99 1953 228 2036 ἐχόντων
255 1949 380 2029 οὐσίας.
427 1951 479 2017 Cf.
508 1951 686 2017 Anaxilaus
710 1950 803 2017 Com.
831 1953 945 2039 fragm.
973 1953 1035 2018 rol.
1059 1954 1123 2018 llI.

98 2081 124 2143 p.
145 2057 218 2122 353.
245 2055 300 2120 ubi
313 2056 451 2153 parasiti
477 2060 542 2120 ιιῦν
570 2053 708 2136 ἓχόνιιον
738 2051 852 2133 οὐσίας
880 2056 1042 2142 σκώληκες
1068 2080 1124 2142 ap·

97 2160 253 2245 pellantur.

153 2304 257 2396 Nubb.
279 2304 373 2369 1385.
417 2306 471 2368 καὶ
494 2300 717 2389 προύσχόμην.
764 2302 857 2385 Quae
879 2304 920 2368 de
942 2304 992 2368 his
1015 2305 1047 2368 in
1070 2305 1126 2368 ad·

95 2410 246 2473 notatione
265 2408 373 2472 critica
392 2408 518 2493 scripsi,
542 2407 676 2471 delenda
694 2419 777 2471 sunt.

153 2555 243 2617 Aves
261 2552 336 2620 528.
382 2551 487 2634 Quem
506 2552 596 2616 adh.
615 2552 636 2616 l.
656 2553 788 2616 tractavi
809 2551 978 2638 Sophoclis
998 2575 1124 2617 versum

93 2662 173 2722 θεοῦ
199 2655 236 2720 δὲ
258 2651 384 2739 πληγὴν
407 2650 465 2736 οὐχ
487 2650 666 2742 ὕπερπηὸᾷ
687 2656 821 2740 βροτός,
850 2657 883 2720 in
907 2678 944 2721 eo
966 2668 1050 2721 recte
1077 2657 1126 2721 vir

93 2760 201 2824 doctus
222 2758 483 2838 (Herwerdenus‚
504 2759 566 2823 nisi
584 2757 664 2823 fallit
682 2759 847 2840 memoria)
865 2760 1021 2846 corrigere
1038 2760 1125 2824 vide·

84 2865 140 2927 ⁴tur
157 2857 346 2948 ὖιεεκιεηόᾷ.

152 3007 235 3071 Ibid.
260 3006 333 3072 591.
378 3002 476 3091 ἀγέλη
499 3009 561 3086 μία
583 2986 710 3085 νιχλιῦν.
765 3006 856 3072 Haec
879 3007 1030 3074 librorum
1050 3011 1126 3073 scri-

88 3122 263 3195 ptumam,
286 3130 382 3193 quam
401 3120 510 3173 contra
528 3108 705 3173 criticorum
725 3108 935 3176 dubitationes
955 3112 1030 3177 satis
1049 3112 1126 3176 mihi

87 3213 242 3277 muniisse
273 3211 397 3289 vide0r3
433 3233 492 3275 nec
524 3210 564 3275 de
595 3225 696 3277 metro
727 3213 900 3278 timendum
915 3219 917 3221 ’
932 3237 1003 3281 εεεε
1033 3214 1126 3280 docet

86 3314 246 3380 Anaxilas
264 3314 387 3379 Protea.
403 3314 430 3391 Ι,
445 3313 497 3378 64.
516 3315 590 3379 item
610 3316 642 3379 in
660 3317 861 3401 anapaestico
880 3339 974 3382 versu
992 3319 1124 3403 primam

86 3416 246 3504 syllabam
267 3418 354 3482 vocis
377 3418 468 3502 κίχλη
494 3417 710 3502 producentis,
736 3420 844 3500 κίχλαι
863 3419 1125 3513 saepenominati

83 3543 212 3587 κοκνοι.

151 3664 238 3729 Ibid.
258 3666 488 3730 1313-1334.
540 3664 591 3729 De
614 3666 663 3731 his
687 3668 758 3732 vide
781 3689 861 3751 quae
884 3690 967 3732 nnnc
989 3671 1127 3754 pruden-

82 3783 146 3845 ter,
188 3780 223 3831 ut
259 3768 352 3845 solet,
389 3768 538 3834 disseruit
570 3768 731 3855 Hauptins
764 3769 875 3857 Progr.
909 3771 996 3836 acad.
1031 3774 1125 3838 1865.

81 3895 112 3957 ο·
137 3874 160 3935 7
181 3892 250 3955 sm·

152 4016 239 4082 Ibid.
264 4016 358 4082 1538.
403 4011 488 4102 ἥπερ
515 4018 664 4100 ταμιεύει
690 4016 746 4084 τὸν
773 4018 926 4104 κεραυνὸν
953 4027 1013 4086 τοῦ
1035 4022 1125 4101 Διός.

81 4120 188 4185 Falsa
210 4121 244 4182 in
266 4120 466 4185 adnotatione
489 4121 597 4185 critica
619 4120 725 4185 rettuli
742 4121 782 4186 de
801 4124 954 4208 scriptura
972 4124 1052 4190 Rav.
1073 4128 1127 4209 qui

81 4223 244 4307 superarier
261 4222 356 4287 habet
375 4244 447 4288 cnm
466 4222 591 4300 cetaria,
610 4224 781 4310 κεραμεύει
800 4226 876 4290 Ald.
