2859 4909
464 379 801 440 ACHARNENSES.
1108 371 1152 436 13

116 541 187 584 ram
206 542 225 583 a
244 518 412 586 scholiasta
433 533 711 588 commemoratam
734 517 790 588 εἶτ’
811 517 906 590 ἀλύει
927 524 984 590 κοί
1006 523 1152 609 δακρύει.

118 619 157 687 Si
184 642 322 705 unquam
347 622 400 689 hic
426 635 510 691 certe
537 625 737 691 allitarationi
763 649 840 692 suus
865 625 955 693 locus
981 637 1063 706 erat;
1089 650 1155 712 quo

115 724 241 789 accedit
257 725 342 809 quod
360 722 470 794 ἀλύειν
487 728 651 815 aptissime
665 729 786 794 dictum
799 738 848 795 est
859 729 900 795 de
913 751 989 796 sene
1002 731 1154 819 captiosis

113 827 278 893 iuvenculi
296 830 427 897 oratoris
445 832 695 916 quaestiunculis
713 832 755 897 ad
772 832 884 898 incitas
902 833 1039 901 redacto.

568 1035 618 1093 Vt.
638 1036 698 1090 731.

290 1152 359 1222 ἀλλ’
377 1146 405 1222 ὦ
422 1154 553 1247 πονηρὰ
570 1157 669 1246 κόρεσι
686 1153 819 1224 κᾶθλίω
837 1158 977 1245 πατρός.

181 1293 232 1359 Ita
252 1293 331 1359 haec
354 1295 440 1361 edidi
460 1296 603 1384 proxime
625 1296 666 1361 ad
683 1296 779 1362 fidem
797 1295 879 1361 Bar.
897 1292 997 1381 κόριχ’
1014 1292 1149 1378 ἀθλίου,

107 1398 243 1462 nescius
261 1398 394 1463 eandem
411 1399 565 1466 rationem
587 1399 746 1487 placuisse
765 1397 924 1465 Ahrensio
941 1398 1029 1468 Mus.
1046 1398 1151 1466 Rhen.

109 1500 212 1566 1843.
235 1523 268 1586 p.
291 1501 366 1567 467.
389 1502 451 1567 nisi
477 1503 564 1587 quod
585 1513 669 1569 recte
691 1502 820 1568 retinuit
841 1497 995 1569 κᾶθλίοο.
1040 1502 1150 1590 Vulgo

106 1602 212 1690 κόριά
230 1599 258 1689 y’
275 1599 410 1671 ἀθλίου.
427 1604 600 1680 Elmsleius
618 1601 709 1693 κώρι’
726 1602 861 1672 ἀθλίου.
897 1606 991 1672 Nunc
1008 1606 1160 1693 suspicor·

105 1706 215 1772 fnisse
237 1706 467 1773 deminutivum
489 1708 628 1795 κώριχοι
655 1719 686 1774 et
713 1708 914 1776 scribendum
941 1731 1011 1775 esse
1039 1704 1151 1795 πάρεχ’

1 1882 2 1891 ¹
107 1805 240 1875 ἀθλίου
259 1810 398 1899 πατρός.
439 1811 598 1900 Compara
611 1808 796 1894 Ἀοοίπιχος
812 1837 853 1863 =
866 1807 1025 1892 Ἀσωπός,
1041 1807 1152 1899 Ἰσμή-

1 1960 2 1999 ι
106 1937 203 1996 νικος
229 1938 272 1965 =
294 1910 456 2001 Ἰσμηνίας
486 1927 518 1981 et
548 1915 648 1981 multa
677 1915 711 1981 id
741 1938 843 2003 genus
870 1915 946 1995 alia3
982 1916 1028 1981 sic
1054 1915 1149 1982 etiam

1 2062 2 2127 q
106 2016 256 2104 κώριχον
272 2042 314 2069 =
330 2018 451 2104 κώριοι
468 2043 510 2070 =
526 2017 646 2107 κόριον.
691 2019 803 2103 Neque
821 2018 881 2084 hoc
903 2042 1148 2107 paronymorum

1 2132 2 2141 ’
105 2143 215 2207 genus
243 2120 316 2187 solis
338 2123 536 2209 propriorum
557 2122 722 2189 nominum
739 2121 856 2188 finibus
874 2122 1030 2187 inclusum
1048 2121 1151 2187 fuisse

106 2225 229 2291 docere
246 2235 352 2311 potest
368 2226 421 2291 vel
438 2226 663 2292 Theocriteum
681 2219 815 2308 ὅσσιχόι
833 2222 959 2293 ἔστιτὸ
977 2224 1101 2309 τύμμα.

567 2430 617 2487 Vs.
635 2430 695 2485 740.

243 2557 438 2641 ’περίθεσθε
454 2550 557 2619 τάσδε
574 2550 635 2631 τὰς
653 2548 762 2632 ὁπλὰς
778 2557 845 2618 τῶν
860 2554 1006 2638 χοιρίων.

1 2770 2 2781 ¹
173 2689 325 2756 Articulo
355 2690 497 2756 offensus
528 2690 732 2756 Hamakerus
768 2689 895 2776 corrigit
928 2683 996 2767 τὼς
1026 2692 1151 2775 χοιρία,

1 2844 2 2853 ,
106 2793 198 2878 quod
234 2794 292 2859 etsi
321 2817 386 2859 non
414 2794 544 2874 damno,
579 2805 685 2859 tamen
716 2794 745 2859 si
774 2792 851 2878 quid
877 2792 1063 2858 mutandum
1090 2804 1150 2870 est,

1 2924 2 2927 ¹
106 2896 223 2963 nescio
242 2919 280 2961 ac
294 2896 396 2962 lenius
414 2897 588 2984 corrigatur
600 2902 666 2964 τῶν
677 2901 841 2986 χοιρίνων,
860 2917 901 2961 ex
913 2916 1149 2982 eorumgenere

1 3012 2 3015 ’
108 3022 192 3085 quas
207 3001 297 3085 porci
310 3000 439 3066 habent.
473 3000 643 3066 Praeterea
656 3000 738 3066 male
752 3021 803 3064 me
816 2997 913 3064 habet
925 2998 1011 3083 quod
1024 2997 1150 3084 puellae

1 3134 2 3147 ι
108 3102 254 3191 ungulas
275 3107 488 3190 περιθέσθαι
508 3102 670 3184 iubentur,
697 3125 780 3189 quas
802 3101 830 3168 si
851 3111 1001 3186 tanquam
1023 3100 1148 3166 calceos

107 3205 292 3271 induendas
319 3229 391 3273 esse
418 3207 522 3273 dicere
548 3207 662 3285 voluit,
688 3203 876 3273 ὑποδεῖσθε
903 3204 1007 3269 dicere
1030 3203 1149 3274 debuit.

110 3307 182 3376 Sed
209 3308 314 3376 fateor
340 3320 441 3376 totum
463 3310 541 3376 illud
568 3311 607 3376 de
634 3310 762 3399 ungulis
794 3309 861 3375 sive
887 3305 1055 3372 induendis
1082 3306 1151 3370 sive

110 3414 390 3499 circumponendis
412 3414 490 3479 mihi
512 3414 708 3501 ineptissime
735 3411 949 3500 excogitatum
971 3408 1084 3486 videri3
1112 3429 1152 3472 ea

110 3528 180 3584 tam
208 3517 326 3605 exigua
351 3540 425 3604 pars
452 3528 500 3583 est
527 3518 623 3583 totius
648 3520 911 3601 percontaretur
936 3522 972 3578 ut
997 3534 1038 3577 ne
1064 3511 1151 3577 cerni

109 3622 245 3706 quidem
270 3621 371 3687 oculis
397 3621 652 3708 empturientium
676 3621 833 3707 potuerit,
866 3615 1051 3705 praesertim
1078 3637 1152 3681 cum

110 3725 240 3810 puellae
256 3726 348 3803 istae,
366 3734 535 3809 antequam
549 3735 694 3802 veneant,
712 3746 840 3790 saccum
855 3720 960 3788 subire
973 3718 1151 3785 iubeantur.

2 3823 3 3850 ³
111 3828 155 3894 Id
182 3829 239 3913 qui
265 3829 405 3894 sensisse
430 3829 556 3894 videtur
579 3827 770 3906 Nauckius„
796 3821 926 3903 σπολὰς
955 3844 1013 3910 pro
1044 3817 1154 3900 ὁπλὰς

112 3932 233 4019 corrigi
248 3932 365 4012 voluit,
382 3932 433 3998 cui
449 3932 535 4017 quod
553 3932 684 4019 opponit
700 3930 779 3997 Alb.
795 3928 964 4006 Miillerus‚
983 3924 1151 3992 Aeolicum

113 4059 189 4104 esse
216 4035 343 4116 σπολά,
371 4058 436 4101 non
452 4035 665 4123 Megaricum,
692 4058 758 4100 non
779 4032 887 4120 magni
914 4029 1066 4095 momenti
1091 4040 1152 4106 est,

3 4217 4 4224 ρ
114 4140 235 4223 alioqui
256 4139 362 4227 possis
387 4140 481 4205 etiam
501 4137 563 4218 τὰς
585 4135 706 4218 στολὰς
733 4137 885 4204 conicere.
929 4133 1018 4199 Dicit
1044 4142 1152 4198 autem

114 4243 218 4329 pelles
234 4243 436 4331 porcellinas.
