2859 4909
564 385 688 444 AVES.
1084 377 1145 443 101

561 525 612 582 Vs.
631 526 691 581 719.

148 627 240 719 ι’ίρνιν
262 655 298 697 τε
320 630 467 715 νομίζετε
488 627 593 697 πάνθ’
609 626 738 717 ὅσαπερ
756 632 836 720 περὶ
851 636 1008 716 μαντείας
1026 632 1099 699 οια-

709 739 822 820 κρίνει.

168 854 244 920 Non
268 863 354 920 recte
380 854 499 919 dictum
526 878 597 922 esse
624 857 703 944 περὶ
728 858 885 940 μαντείας
913 856 1071 944 διακρίνει
1095 857 1144 923 in·
1189 841 1192 846 ⁵

107 956 227 1023 tellexit
249 956 434 1035 Dobraeus3
466 958 600 1023 coniecit
620 958 719 1045 igitur
744 952 874 1047 ὅσαπερ
900 963 979 1049 νιέρι
1005 967 1143 1045 μαντεία
1169 1041 1173 1048 ι
1266 951 1276 971 ”

109 1061 275 1149 διακρίνει.
322 1060 385 1127 Cui
410 1062 455 1126 ita
480 1061 688 1139 assentiebar,
720 1071 755 1127 ut
783 1056 912 1149 ὅσαπερ
936 1071 1075 1146 μαντεία
1102 1061 1142 1152 (iq)

110 1164 266 1251 διακρίνει
298 1163 500 1230 scribendum
530 1164 706 1230 arbitrarer.
752 1163 826 1248 Quo
857 1164 962 1231 minus
993 1164 1144 1233 Dobraeo

109 1267 308 1353 obsequerer,
330 1267 523 1355 impediebat
539 1289 756 1347 numerorum,
775 1289 856 1352 quos
873 1278 986 1353 poetae
1004 1267 1144 1335 obtrudit

110 1372 174 1437 eius
190 1372 379 1451 coniectura,
399 1370 581 1450 insolentia3
599 1374 678 1458 πέρι
691 1370 775 1435 enim
789 1394 862 1436 cum
876 1370 1066 1459 anastrophe
1079 1394 1144 1438 non

109 1484 213 1561 potest
233 1498 298 1540 non
321 1474 497 1540 arctissime
519 1497 593 1540 oum
615 1468 745 1562 ὅσαπερ
768 1474 932 1561 coniungi,
961 1495 1024 1558 quo
1050 1475 1087 1541 fit
1108 1485 1144 1542 ut

109 1602 205 1664 prava
221 1578 330 1645 versui
349 1599 481 1644 caesura
497 1576 661 1644 inferatur.

511 1764 562 1820 Vs.
580 1764 736 1819 724-726.

172 1871 265 1954 Quos
286 1870 471 1936 Hamakero
498 1879 625 1936 auctore
651 1871 685 1935 in
707 1870 881 1957 marginem
904 1871 999 1937 reieci
1020 1892 1143 1947 versus,

113 1998 163 2041 eos
190 1997 276 2039 nunc
301 1974 384 2038 lecto
411 1972 572 2038 Theodori
592 1973 713 2039 Kookii
739 1972 780 2039 de
806 1974 845 2039 iis
872 1974 1085 2061 disputatione
1111 1975 1146 2039 in

112 2078 247 2162 Enemit.
263 2076 331 2142 orit.
346 2099 377 2161 p.
391 2075 423 2140 4.
438 2098 507 2161 sqq.
525 2077 712 2162 postliminii
724 2077 792 2142 iure
805 2085 918 2162 poetae
930 2077 1144 2143 restituendos

114 2204 232 2246 censeo.
277 2180 313 2247 Is
330 2201 389 2266 pro
407 2173 511 2268 ὥραις
529 2180 607 2244 vidit
625 2179 828 2246 scribendum
850 2201 921 2246 esse
943 2180 1092 2268 λιαραῖς,·
1113 2190 1146 2246 et

114 2285 231 2350 dativos
251 2287 392 2367 χειμῶνι
415 2291 446 2347 et
468 2286 565 2370 θέρει
581 2283 733 2369 temporis
751 2283 875 2349 dativos
893 2303 964 2348 esse
981 2282 1145 2362 intellexit,

114 2387 214 2454 verbis
238 2386 380 2471 μάντεσι
405 2383 549 2469 μούσαις
575 2385 786 2452 inveteratum
812 2384 962 2451 mendum
983 2384 1146 2452 inhaerere

115 2500 193 2556 recte
219 2501 376 2568 statuens,
402 2488 518 2573 quibus
545 2489 631 2574 quod
658 2487 820 2556 substituit
844 2487 999 2572 μάντεσιν
1025 2484 1155 2575 ὀρθοῖς,

115 2594 162 2658 vel
177 2593 331 2676 μάντεσιν
350 2587 448 2679 ὥρας,
466 2592 536 2679 ipse
552 2592 633 2656 vidit
646 2615 677 2657 v.
691 2592 724 2659 d.
738 2614 938 2677 nequaquam
953 2591 1145 2659 satisfacere.

17 2775 18 2778 Ἴ
116 2697 259 2762 Fortasse
278 2694 479 2762 scribendum
503 2704 553 2761 est
575 2693 671 2775 ἕξετε·
678 2700 830 2782 χρῆσθαι
845 2693 1000 2779 μάντεσιν
1019 2689 1146 2778 οὔσαις,

117 2801 220 2865 eodem
242 2798 400 2886 participii
421 2821 498 2875 usu,
523 2819 585 2882 quo
607 2797 686 2863 dixit
706 2807 801 2884 poeta
818 2797 904 2864 Plut.
924 2798 998 2866 839.
1022 2793 1147 2884 αὐχμὸς

17 2907 18 2948 ³
118 2899 174 2991 γὰρ
196 2899 241 2969 ὢν
262 2907 330 2969 τῶν
358 2907 538 2987 σκευαρίων
566 2896 591 2968 α’
616 2897 801 2982 ἀπώλεσεν,
830 2911 863 2968 et
884 2900 984 2988 Vesp.
1008 2902 1082 2969 602.
1108 2901 1148 2990 ἢν

17 3003 18 3070 ί
120 3006 261 3072 δουλείαν
303 2994 406 3073 οὖσαν
447 3001 588 3092 ἔφασκες
626 3006 683 3070 καὶ
721 2998 903 3092 ὑπηρεσίαν
948 3000 1146 3086 ἀποδείξειν.

17 3161 18 3174 ,
121 3106 235 3175 Sensus
267 3117 317 3174 est
345 3111 473 3173 utemini
498 3109 586 3174 υοίία
608 3131 671 3194 pro
697 3109 828 3176 υαίίίαε.
874 3106 970 3191 Quod
996 3108 1147 3174 feminino

120 3233 190 3280 usus
211 3223 258 3279 est
279 3221 387 3299 poeta,
411 3212 466 3296 qui
489 3210 567 3276 alias
585 3220 765 3277 constanter
783 3206 801 3276 ὁ
820 3205 910 3298 ι’ίρνις
927 3210 1007 3275 dixit
1023 3221 1148 3298 praeter

120 3336 164 3379 vs.
182 3315 251 3394 866,
269 3315 346 3380 feeit
363 3325 463 3380 metro
482 3324 621 3380 coactus.

562 3498 611 3556 Vs.
630 3500 691 3553 822.

248 3606 302 3675 ἵνα
320 3604 436 3674 καὶτὰ
456 3608 630 3691 θεοχίνους
647 3602 689 3670 τὰ
708 3602 818 3671 πολλὰ
833 3604 994 3692 χρήματα,

247 3709 290 3776 τά
307 3704 335 3776 τ’
350 3707 509 3791 Αἰσχίνου
527 3704 554 3795 y'
572 3703 724 3791 ἅπαντας

180 3828 266 3894 Ferri
295 3839 401 3915 potest
431 3828 519 3913 quod
549 3828 755 3895 Hermannus
786 3828 883 3895 scribi
912 3828 1012 3895 voluit
1041 3829 1085 3896 ιοί
1118 3827 1145 3897 ι’

17 3973 18 4010 χ
124 3928 269 4013 Αἰσχίνου
290 3927 361 4000 ’σθ’
382 3926 525 3998 ἅπαντα.
569 3932 617 3996 At
638 3940 799 4017 praestare
821 3942 898 4017 puto
920 3933 977 3998 καὶ
993 3928 1148 4020 ιᾲσχίνου

124 4027 148 4116 y'
163 4028 296 4116 ἅπαντα,
317 4048 345 4102 et
361 4058 431 4100 οενο
449 4039 541 4100 etiam
557 4035 719 4100 Aeschinis
737 4036 855 4111 οοιηία,
877 4045 952 4101 noto
975 4057 1036 4101 usu
1053 4039 1151 4123 parti-

17 4183 18 4196 ι
127 4135 254 4204 cunum
271 4144 383 4205 καί-
396 4162 442 4224 χε.
487 4137 680 4224 Perelegans
699 4147 806 4202 tamen
819 4138 955 4224 Hauptii
972 4139 1151 4217 coniectura

17 4287 18 4346 Ξ
128 4248 181 4316 est,
205 4241 246 4307 τά
267 4238 294 4307 τ’
314 4239 472 4324 Αἰσχίνου
495 4239 649 4307 τάλαντα.
693 4239 751 4306 Ad
775 4239 829 4307 ilia
850 4240 1027 4327 Euelpidae
1053 4243 1153 4309 verba
