2859 4909
387 1099 848 1182 ACHARNENSES.

572 1337 663 1393 vsa

255 1436 362 1529 ἥσθην
380 1442 417 1508 δέ
432 1440 530 1528 βαιά,
550 1441 638 1510 πάνυ
659 1439 695 1508 δὲ
711 1442 809 1528 βαιά,
828 1446 979 1532 τέτταρα.

108 1635 111 1641 ,
172 1560 238 1627 Non
268 1585 417 1629 assensus
450 1587 521 1629 sum
546 1585 650 1649 neque
677 1562 833 1629 Elmsleio
860 1564 950 1632 πάνυ
977 1591 1015 1653 γε
1039 1565 1134 1653 βαιά,

113 1686 205 1749 neque
224 1665 374 1731 Dobraeo
395 1665 484 1733 πάνυ
511 1692 545 1733 τι
569 1666 653 1752 βαιά
680 1665 901 1733 scribentibus.
945 1668 1136 1739 Rectissime

113 1765 221 1833 dictum
242 1769 367 1834 videtur
388 1770 474 1854 quod
496 1769 649 1836 librorum
670 1791 846 1836 consensus
869 1770 974 1837 firmat
991 1772 1081 1840 πάνυ
1100 1774 1137 1841 δέ

107 1871 194 1956 βαιά,
221 1872 316 1937 modo
343 1871 377 1937 id
403 1867 535 1959 ἠθικῶς
559 1872 787 1959 pronuntietur.
835 1871 1011 1941 Plane'sic
1036 1878 1136 1943 nostri

108 1975 218 2040 dicunt:
245 1975 393 2041 Frende
415 1974 506 2041 aber
526 1974 622 2041 habe
644 1975 704 2040 ich
727 1976 848 2063 wenig
865 1977 1019 2064 gehabt3
1046 1980 1137 2048 aber

106 2078 192 2142 auch
209 2078 296 2144 sehr
312 2078 442 2166 wenig.
478 2077 526 2144 At
542 2101 590 2146 vs.
606 2079 636 2144 7.
656 2077 711 2144 ubi
725 2078 823 2166 vulgo
840 2080 958 2167 legitur
973 2078 1074 2149 ταῦθ’
1090 2079 1137 2163 ὥς

107 2177 282 2268 ἐγανώθην,
308 2204 403 2269 aegre
424 2204 477 2247 me
500 2182 640 2248 continui
657 2181 735 2267 quin
751 2181 941 2248 Elmsleium
958 2185 1136 2271 probarem,

31 2299 40 2310 ’
73 2325 77 2331 -
106 2283 229 2362 τούτοις
252 2282 427 2373 ἐγανώθην
449 2286 669 2372 corrigentem.
715 2284 857 2351 Causam
883 2288 1067 2354 mutationis
1089 2299 1137 2354 at-

105 2387 169 2452 tulit
185 2388 320 2466 nullam,
342 2388 405 2453 nisi
426 2389 515 2474 quod
532 2390 632 2475 Vesp.
652 2388 717 2454 612
738 2388 921 2473 adscripsit,
943 2388 999 2454 ubi
1021 2389 1138 2477 legitur

106 2489 265 2557 τούτοισιν
288 2488 353 2577 ἐγώ
375 2490 534 2577 γάνυμαι,
561 2514 626 2577 quo
648 2491 727 2556 nihil
748 2490 910 2577 probatur.
956 2490 1066 2558 Causa
1087 2493 1137 2559 of·

105 2593 249 2660 fensionis
272 2595 307 2659 in
329 2616 367 2660 eo
389 2594 493 2681 potius
517 2606 566 2660 est
588 2594 706 2681 posita,
729 2594 815 2679 quod
831 2598 1035 2680 γανούοθαι,
1062 2595 1137 2662 licet

106 2696 306 2782 originatione
321 2705 394 2763 cum
407 2696 552 2783 γάνυμαι
566 2708 747 2784 cognatum,
766 2707 871 2763 tamen
886 2720 959 2763 cum
972 2722 1136 2785 nunqnam

105 2799 281 2885 simpliciter
293 2799 434 2866 laetandi
452 2800 715 2890 significationem
732 2800 858 2879 habeat,
876 2801 934 2866 sed
950 2803 1077 2889 proprie
1095 2804 1137 2869 sit

104 2902 226 2967 hilarem
247 2904 334 2987 fieri,
361 2904 543 2980 οτύύίανονύ,
569 2927 633 2969 non
654 2914 740 2969 recte
763 2925 834 2969 cum
859 2906 1039 2972 accusativo
1061 2929 1138 2973 con·

102 3004 187 3092 iungi
203 3028 298 3092 posse
315 3006 454 3085 videtur,
477 3006 539 3072 nisi
556 3006 638 3072 forte
654 3007 689 3071 in
706 3006 846 3072 oratione
870 3007 1067 3089 sublimiore3
1094 3008 1135 3075 ab

102 3107 243 3173 familiari
271 3131 416 3175 sermone
443 3110 581 3175 alienum
607 3109 724 3176 iudico.
771 3108 839 3176 Sed
869 3121 975 3175 utrum
1001 3111 1136 3190 τούτοις

103 3208 280 3298 ἐγανώθην,
301 3214 386 3296 quod
404 3212 578 3279 Elmsleius
597 3214 786 3300 suspicatur,
806 3238 847 3279 an
864 3214 950 3299 quod
967 3236 1028 3302 ego
1044 3238 1136 3301 prae-

102 3314 221 3379 tulerim
233 3311 332 3381 sortist²
346 3310 392 3395 ὥς
404 3313 436 3400 μ’
449 3314 603 3402 ἐγύνωσε,
623 3339 665 3382 an
677 3317 763 3383 aliud
772 3317 849 3402 quid
862 3328 956 3405 poeta
966 3317 1135 3402 scripserit,

99 3439 163 3483 non
179 3418 333 3484 discerno.

561 3571 612 3627 Vs.
626 3572 670 3626 24.

249 3670 394 3761 ἥκοντες,
419 3671 491 3753 εἶτα
510 3671 541 3754 δ’
554 3673 754 3744 ὠστιοῦνται
770 3681 846 3755 πῶς
864 3676 971 3755 δοκεῖς

248 3776 405 3857 ἐλθόντες
423 3774 595 3867 ἀλλήλοισι
612 3781 692 3867 περὶ
709 3778 846 3866 πρώτου
866 3778 976 3861 ξύλου.

163 3898 432 3984 Frequentissimo
463 3900 589 3966 dicendi
618 3922 681 3966 usu
708 3909 783 3986 post
812 3899 977 3986 participia
1003 3899 1138 3967 infertur

97 3998 179 4082 εἶτα,
197 4026 261 4068 non
274 4003 350 4069 item
367 3998 438 4068 εἶτα
453 4003 506 4086 ύέ;
523 4002 649 4069 diversa
664 4013 712 4068 est
726 4002 836 4087 Equit.
846 4004 1003 4068 377ratio.
1036 4004 1136 4070 Recte

96 4106 194 4193 igitur
213 4105 385 4172 Dobrueus
413 4101 485 4172 εἶτα
508 4105 741 4173 διιοοτιούνται
763 4106 879 4193 corrigi
900 4106 1013 4184 voluit,
1040 4107 1136 4191 idque

78 4204 234 4294 ¹recipere
252 4208 419 4276 debebam.
457 4209 554 4294 Quod
566 4210 664 4275 altero
678 4232 772 4276 versu
790 4209 887 4295 vulgo
905 4209 1021 4297 legitur
1039 4204 1138 4296 ἀλλή-

151 4326 500 4385 sensumsensurn-asopo.
878 4314 895 4376 1
