2859 4909
500 391 705 458 EQUITES.

532 530 582 587 Vs.
601 530 679 584 1131.

344 650 454 737 χοότω
472 652 532 738 μὲν
550 647 591 719 όν
609 641 646 719 εὖ
664 664 793 731 ποιοῖς,
848 713 852 726 ,

349 758 382 824 εί
397 781 452 825 σοι
470 756 635 844 πυκνότης
653 750 753 823 ἔνεστ’

349 858 382 927 ἓν
399 865 447 947 τῷ
464 859 582 947 τρόπῳ
587 910 597 940 ,
618 854 664 938 ιός
681 851 799 946 λέγεις’,

349 963 457 1050 τούτῳ
475 963 564 1030 πάνυ
583 961 706 1049 πολλή,

350 1066 380 1133 εί
397 1062 513 1134 τούσδ’
530 1064 684 1152 ἐπίτηδες
703 1059 761 1131 οό-

349 1195 396 1236 τω
417 1170 598 1257 δημοσίους
614 1172 758 1259 τρέφεις.

171 1310 293 1379 sirecte
307 1308 447 1386 memini,
466 1307 588 1372 nullum
602 1315 727 1394 praeter
739 1304 800 1372 hoc
810 1309 989 1395 exemplum
999 1313 1131 1398 optativi

122 1414 247 1483 muhacti
263 1423 377 1491 ποιοῖς
393 1411 478 1498 apud
492 1409 743 1497 Aristophanem
759 1411 922 1497 reperitur.
968 1412 1132 1484 Offensio·

121 1542 178 1585 nem
191 1518 261 1583 item
276 1515 373 1582 habet
391 1515 511 1601 duplex
533 1511 573 1580 εί.
617 1514 732 1599 Itaque
750 1514 952 1582 scribendum
971 1521 1128 1606 suspicor:

350 1648 459 1735 χοότω
478 1651 537 1734 μὲν
556 1645 607 1740 ἄρ’
624 1641 659 1717 εὖ
678 1662 803 1730 ποιεῖς·

352 1746 373 1843 ἦ
393 1779 448 1822 σοι
465 1754 629 1842 πυκνότης
647 1750 746 1822 ἔνεστ’
767 1794 809 1803 -

120 1896 262 1982 reprobata
278 1917 374 1980 quam
391 1893 425 1958 in
443 1892 644 1959 adnotatione
658 1892 766 1958 critica
778 1896 930 1980 proposui
943 1898 1132 1966 coniectura.

121 1998 266 2066 Praeterea
281 1999 389 2064 nescio
407 2021 449 2063 an
468 1986 494 2084 ᾦ
513 1997 619 2082 λέγεις
636 1996 838 2062 scribendum
856 1999 907 2064 sit

539 2252 589 2308 Vs.
609 2252 685 2307 1181.

227 2391 246 2482 ἡ
264 2392 455 2483 γοργολόφα
474 2387 502 2459 o'
519 2389 665 2459 ἐκέλευσε
683 2394 816 2459 τουτουί
834 2404 952 2481 φαγεῖν

229 2496 399 2588 ἐλατῆρος,
419 2495 473 2564 ἵνα
490 2492 551 2573 τὰς
568 2502 647 2575 ναῦς
665 2493 850 2581 ἐλαύνωμεν
868 2498 985 2576 καλῶς.

169 2637 310 2703 Minerva
322 2633 513 2723 γοργολόφα
527 2633 711 2720 appellatur,
730 2657 794 2699 non
809 2635 893 2719 qnod
904 2632 1088 2723 Gorgonem
1101 2640 1133 2705 in

25 2823 27 2836 Ι
118 2741 195 2806 crista
211 2763 324 2828 gerens
342 2747 576 2824 repraesentata
594 2746 673 2815 erat3
696 2737 752 2821 qui
769 2738 853 2802 enim
875 2738 909 2804 id
930 2739 997 2806 fieri
1014 2744 1136 2828 possit?

118 2844 163 2908 scd
181 2844 263 2929 quod
285 2841 455 2909 terribilem
477 2836 618 2926 (γοργὸν)
643 2840 677 2904 in
703 2841 828 2907 casside
851 2841 956 2931 λόφον
977 2845 1134 2932 gestabat.

26 2935 27 2982 ss
117 2944 200 3012 Plane
218 2948 264 3013 sic
280 2945 466 3011 Lamachus
484 2945 519 3009 in
535 2942 676 3008 Acharn.
691 2942 767 3009 568.
786 2943 900 3011 dicitur
916 2949 1134 3037 γοργολόφης.

26 3061 28 3118 l
118 3048 277 3116 Commode
296 3048 432 3115 conferri
451 3057 556 3135 potest
573 3047 613 3114 Il.
632 3047 693 3124 Vl,
711 3045 786 3114 469.
806 3047 862 3113 ubi
880 3049 920 3115 de
938 3050 1135 3138 Astyanacte

26 3181 27 3184 ¹
116 3150 248 3220 Hectoris
267 3152 396 3219 cristam
414 3152 616 3238 conspicante
635 3150 762 3215 dicitur:

187 3290 353 3379 ταρβήσας
369 3288 489 3372 χαλκόν
506 3313 543 3355 τε
562 3287 611 3354 ίδὲ
629 3286 734 3375 λόφον
753 3287 977 3378 ἱππιοχαίτην,

189 3392 292 3463 όεινὸν
311 3388 368 3459 ἀπ’
385 3388 567 3481 ἀκροτάτης
584 3390 731 3476 κόρυθος
748 3390 882 3458 νεόοντα
899 3392 1030 3479 νοήσας.

27 3529 29 3576 ῑ
115 3529 204 3598 Attuli
220 3532 301 3599 haec
322 3542 451 3619 propter
468 3529 646 3602 Nauckium
665 3529 806 3595 Bullctin
824 3530 864 3595 de
881 3529 1005 3598 l’Acad.
1025 3532 1065 3597 de
1085 3530 1135 3601 St.

28 3637 30 3674 l
114 3631 243 3703 Petersb.
262 3635 327 3702 vol.
346 3634 406 3701 VI.
425 3657 456 3721 p.
475 3633 528 3699 51.
547 3644 716 3717 utrumque
734 3632 959 3721 Aristophanis
976 3634 1082 3702 locum
1100 3637 1136 3702 in

28 3731 29 3814 s
115 3737 172 3803 vitii
196 3739 409 3826 suspicionem
431 3747 606 3802 vocantem.
650 3736 718 3802 Nec
739 3738 841 3824 magis
864 3737 977 3804 tentari
999 3738 1136 3806 debebat

115 3839 332 3929 Aristophanes
350 3841 491 3907 Acharn.
512 3841 607 3905 1142.
625 3839 830 3927 γοργόνωτον
848 3834 992 3921 ἀσπίδος
1010 3840 1136 3925 κόκλον,

115 3944 189 4024 quod
209 3946 276 4012 sive
298 3946 340 4011 ad
362 3940 481 4033 γοργὸς
503 3944 570 4011 sive
593 3943 634 4010 ad
650 3941 814 4031 Γοργόνα,
837 3966 933 4028 quam
950 3946 1138 4013 Lamachus

29 4055 30 4094 ³
115 4044 142 4110 in
161 4060 244 4116 scuto
266 4050 407 4116 effictam
428 4046 580 4125 habebat,
607 4046 742 4124 reseras,
771 4057 940 4133 utrumqne
961 4051 1139 4115 rectissime

29 4159 31 4242 η
115 4147 220 4217 dictum
242 4163 300 4220 est.
347 4151 500 4219 Similiter
518 4148 693 4237 Sophocles
716 4149 797 4214 dixit
817 4145 910 4237 ἡνίαν
930 4152 1138 4241 χροσόνιοτον

29 4297 30 4300 ,
116 4249 148 4317 (le
163 4256 248 4322 freno
265 4257 299 4321 in
317 4265 447 4321 externa
465 4265 553 4341 parte
572 4255 675 4320 aureis
693 4253 818 4318 laminis
837 4253 985 4320 obducto.

158 4372 258 4427 Μιλησία,
270 4375 382 4419 Vindictae
390 4374 503 4429 Aristoph.
900 4357 922 4423 5
