2859 4909
488 382 692 449 EQUITES.

526 520 576 578 Vs.
595 522 656 576 938.

354 624 466 693 καὶσὺ
484 624 524 694 τὸ
543 627 704 695 τάλαντον
722 628 835 711 λαβεῖν

288 725 489 813 βουλόμενος
508 727 635 798 ἐσθίων
653 727 882 817 δποπνιγείης.

149 849 245 915 Mctm
263 849 438 915 consulturi
453 849 629 917 Elmsleius
648 848 927 939 ἕπαπσπνιγείης,
949 852 1111 940 Bergkius

28 1021 29 1040 i

28 1115 30 1144 ί

30 2893 32 2916 ι

30 2933 32 2976 ι

30 3023 31 3048 ι

96 951 328 1038 ἐναποπνιγείης
354 954 565 1031 coniecerant,
600 976 737 1038 quorum
767 953 901 1020 alterum
926 977 991 1021 non
1017 956 1111 1022 credo

94 1055 204 1121 defendi
228 1077 333 1141 posse.
380 1056 492 1141 Neque
517 1056 751 1122 Elmsleianum
776 1056 855 1122 illud
881 1067 966 1123 recte
992 1057 1112 1124 dictum

94 1170 171 1244 puta,
192 1159 241 1224 cui
259 1159 465 1225 sustentando
482 1160 569 1244 quod
586 1159 773 1225 Dindorfius
791 1158 895 1225 attulit
912 1182 953 1226 ex
970 1184 1017 1226 vs.
1037 1162 1110 1226 701.

94 1260 261 1350 ίκροφήσας
279 1256 379 1341 αὐτὸς
397 1260 634 1350 ἐπιδιαρραγῶ,
654 1262 683 1327 ei
700 1273 810 1328 noster
821 1262 911 1328 locus
925 1262 969 1328 ita
982 1263 1109 1328 demum

95 1365 187 1431 similis
214 1375 312 1443 esset,
346 1366 374 1431 si
399 1366 599 1453 participium
626 1365 734 1431 aoristi
760 1364 914 1452 legereter
940 1362 1108 1453 ἐμφαγῶν.

94 1468 203 1533 Etenim
221 1467 298 1532 dum
316 1468 388 1552 quis
407 1470 487 1547 edit,
505 1492 569 1534 non
589 1491 664 1534 sane
681 1478 755 1554 post
772 1491 863 1534 esum
882 1468 1031 1534 suffocari
1047 1469 1110 1534 dici

94 1582 188 1657 potest.
234 1568 356 1657 Scripsi
377 1571 474 1659 igitur
498 1569 625 1639 ἐσθίων
648 1565 702 1653 ἅμ’
725 1566 957 1658 ἇποπνιγείης,
986 1571 1020 1636 in
1045 1593 1109 1655 quo

96 1669 150 1758 ipa
164 1674 328 1740 notissimo
346 1674 472 1740 dicendi
489 1698 606 1762 genere
624 1697 697 1741 cum
711 1670 839 1740 ἐσθίων
852 1674 1109 1763 coniungentium

95 1779 157 1842 inter
179 1780 335 1843 edendum.
379 1777 420 1842 In
445 1778 569 1845 Eccles.
594 1777 645 1844 85.
668 1777 844 1844 rectissime
864 1775 1034 1845 chraeus
1060 1800 1110 1844 re·

97 1881 178 1946 stituit
193 1885 227 1947 τί
242 1876 304 1967 γὰρ
324 1875 364 1947 δν
379 1892 489 1969 χεῖρον
508 1876 683 1968 ἀκροῴμην
701 1875 772 1963 ἅμα
790 1871 957 1960 ξαίνουσα.

525 2050 575 2106 Vs.
594 2050 654 2104 942.

202 2150 303 2239 κῶμοί
322 2154 413 2221 δοκεῖ
428 2155 485 2221 καὶ
501 2150 606 2221 τᾶλλα
622 2151 649 2241 γ’
666 2150 751 2222 εἶναι
768 2161 967 2244 καταφανῶς

204 2254 335 2344 ἀγαθὸς
354 2260 503 2345 πολίτης.

145 2378 194 2445 Ad
207 2380 285 2445 haec
300 2379 328 2444 si
340 2379 560 2466 praecedentia
574 2401 749 2466 compares,
764 2379 936 2445 orationem
950 2401 1014 2445 non
1028 2378 1108 2443 bene

95 2483 213 2548 iunctam
231 2483 358 2549 senties.
394 2483 544 2569 Impense
561 2482 746 2548 laudaverat
764 2482 878 2549 chorus
896 2481 1024 2547 isiciarii
1041 2504 1110 2545 cra-

95 2586 206 2664 tonem,
231 2585 282 2650 cui
304 2608 368 2650 non
385 2586 494 2651 inferri
510 2586 627 2672 potuit,
649 2586 727 2651 miti
744 2608 862 2672 quoque
879 2588 970 2650 etiam
986 2588 1020 2649 in
1038 2584 1108 2648 aliia

92 2692 248 2774 γιοιιίονιιι
266 2692 314 2753 cir
331 2691 457 2765 videtur,
478 2689 534 2755 sed
552 2688 613 2754 hoc
629 2689 749 2775 potius,
769 2690 846 2754 οιίίιί
863 2701 980 2775 qaoque
998 2691 1109 2774 optime

97 2795 186 2858 δίοίιιι
207 2795 339 2867 αἰδοίαν,
368 2805 396 2856 α
417 2815 486 2857 cero
508 2796 600 2858 eriam
621 2795 655 2857 in
677 2795 780 2857 ceteris
802 2794 891 2858 relata
913 2792 1009 2857 bonna
1036 2792 1108 2856 civia

96 2898 200 2961 οίδαιιο.
246 2884 354 2979 Quaie
373 2896 507 2961 conicio:

177 3011 278 3100 κάμοὶ
296 3014 395 3081 δοκεῖ.
419 3016 476 3081 καὶ
492 3010 597 3083 vitata
614 3012 641 3103 γ’
659 3013 731 3082 ἐστὶ
747 3020 946 3103 καταφανῶς
963 3051 1005 3063 -

98 3130 151 3201 ἐστὶ
170 3146 199 3201 et
222 3131 308 3202 εἶναι
326 3157 422 3219 quam
440 3135 534 3202 facile
552 3137 635 3201 inter
652 3159 686 3202 se
704 3146 922 3224 permutentur
942 3135 976 3200 in
993 3133 1109 3199 codici-

31 3257 32 3274 *
98 3235 159 3316 bus,
190 3238 391 3305 notissimum
423 3250 481 3303 est.
534 3237 704 3306 Praeterea
735 3241 872 3306 fortasse
902 3262 966 3304 non
995 3236 1108 3301 iniuria

98 3339 204 3408 offendo
229 3342 263 3406 in
289 3345 504 3429 καταφανῶς,
530 3364 589 3429 pro
616 3366 679 3428 quo
702 3342 957 3428 Aristophaneus
984 3338 1109 3405 dicendi

32 3497 33 3500 ,
99 3462 158 3509 nsua
178 3449 372 3533 περιφανῶς
395 3444 491 3510 scribi
512 3446 661 3532 postulat.
706 3445 803 3531 Quod
821 3445 896 3511 olim
913 3442 1013 3529 Vesp.
1033 3443 1106 3508 831.

98 3541 238 3631 legebatur
259 3551 491 3636 κατεφαίνετο,
517 3572 602 3615 nunc
629 3550 725 3615 cessit
747 3548 935 3635 optimorum
958 3545 1108 3613 librorum

32 3665 34 3744 ᾗ
99 3649 246 3735 scripturae
265 3648 431 3738 ἐφαίνετο.

524 3803 574 3859 Vs.
594 3804 653 3859 968.

634 3904 814 3998 ἁλουργίδα

185 4008 263 4093 ἔχων
280 4009 494 4078 κατάπαστον
512 4014 568 4077 καὶ
586 4012 749 4101 στεφάνην
768 4006 819 4100 ἐφ’
834 4006 980 4100 ἅρματος

182 4119 302 4199 χρυσοῦ
322 4112 435 4194 διώξει
451 4114 624 4202 Σμικύθην
642 4116 697 4182 κοιὶ
715 4114 837 4203 κύριον.

151 4228 350 4300 Seribendum
369 4258 440 4304 esse
460 4236 604 4323 suspicor
621 4240 792 4325 στέφανον,
812 4258 874 4321 qua
892 4237 994 4303 forma
1011 4259 1109 4321 quum
