<?xml version="1.0" encoding="UTF-8"?>
<!DOCTYPE html PUBLIC "-//W3C//DTD XHTML 1.0 Transitional//EN"
    "http://www.w3.org/TR/xhtml1/DTD/xhtml1-transitional.dtd">
<html xmlns="http://www.w3.org/1999/xhtml" xml:lang="en" lang="en">
 <head>
  <title>
</title>
<meta http-equiv="Content-Type" content="text/html;charset=utf-8" />
  <meta name='ocr-system' content='tesseract 3.04.00' />
  <meta name='ocr-capabilities' content='ocr_page ocr_carea ocr_par ocr_line ocrx_word'/>
</head>
<body>
  <div class='ocr_page' id='page_1' title='image "./vindiciarumaris00meingoog_0025.png"; bbox 0 0 2859 4909; ppageno 0'>
   <div class='ocr_carea' id='block_1_1' title="bbox 344 377 1135 454">
    <p class='ocr_par' dir='ltr' id='par_1_1' title="bbox 344 377 1135 454">
     <span class='ocr_line' id='line_1_1' title="bbox 344 377 1135 454; baseline 0 -4"><span class='ocrx_word' id='word_1_1' title='bbox 344 377 350 394; x_wconf 88' lang='lat'>&#39;</span> <span class='ocrx_word' id='word_1_2' title='bbox 447 394 785 454; x_wconf 76' lang='lat' dir='ltr'><strong>acnrunnusas.</strong></span> <span class='ocrx_word' id='word_1_3' title='bbox 1116 386 1135 450; x_wconf 79' lang='grc'><strong>7</strong></span> 
     </span>
    </p>
   </div>
   <div class='ocr_carea' id='block_1_2' title="bbox 17 497 1149 831">
    <p class='ocr_par' dir='ltr' id='par_1_2' title="bbox 17 497 1149 831">
     <span class='ocr_line' id='line_1_2' title="bbox 17 497 1149 634; baseline 0.002 -31"><span class='ocrx_word' id='word_1_4' title='bbox 17 497 19 634; x_wconf 33' lang='grc' dir='ltr'>ἶ</span> <span class='ocrx_word' id='word_1_5' title='bbox 117 537 184 625; x_wconf 90' lang='lat' dir='ltr'><strong>poni</strong></span> <span class='ocrx_word' id='word_1_6' title='bbox 203 535 309 614; x_wconf 87' lang='lat' dir='ltr'><strong>veluit,</strong></span> <span class='ocrx_word' id='word_1_7' title='bbox 335 535 369 601; x_wconf 88' lang='lat' dir='ltr'><strong>id</strong></span> <span class='ocrx_word' id='word_1_8' title='bbox 391 544 427 600; x_wconf 91' lang='lat' dir='ltr'><strong>ut</strong></span> <span class='ocrx_word' id='word_1_9' title='bbox 448 535 490 601; x_wconf 88' lang='lat' dir='ltr'><strong>ad</strong></span> <span class='ocrx_word' id='word_1_10' title='bbox 517 537 681 621; x_wconf 88' lang='lat' dir='ltr'><strong>sequentia</strong></span> <span class='ocrx_word' id='word_1_11' title='bbox 706 536 849 603; x_wconf 77' lang='lat' dir='ltr'><strong>trahatur</strong></span> <span class='ocrx_word' id='word_1_12' title='bbox 870 547 903 603; x_wconf 91' lang='lat' dir='ltr'><strong>et</strong></span> <span class='ocrx_word' id='word_1_13' title='bbox 923 537 964 604; x_wconf 88' lang='lat' dir='ltr'><strong>ab</strong></span> <span class='ocrx_word' id='word_1_14' title='bbox 987 519 1149 607; x_wconf 70' lang='grc' dir='ltr'><strong><em>ἓοπείσυ</em></strong></span> 
     </span>
     <span class='ocr_line' id='line_1_3' title="bbox 17 638 1136 730; baseline 0.004 -26"><span class='ocrx_word' id='word_1_15' title='bbox 17 675 19 704; x_wconf 58' lang='grc' dir='ltr'><em>ι</em></span> <span class='ocrx_word' id='word_1_16' title='bbox 116 640 245 729; x_wconf 81' lang='lat' dir='ltr'>pendeat.</span> <span class='ocrx_word' id='word_1_17' title='bbox 287 638 360 705; x_wconf 90' lang='lat' dir='ltr'><strong>Non</strong></span> <span class='ocrx_word' id='word_1_18' title='bbox 374 639 468 705; x_wconf 86' lang='lat' dir='ltr'><strong>video</strong></span> <span class='ocrx_word' id='word_1_19' title='bbox 481 640 597 705; x_wconf 88' lang='lat' dir='ltr'><strong>iustam</strong></span> <span class='ocrx_word' id='word_1_20' title='bbox 612 640 784 706; x_wconf 79' lang='lat' dir='ltr'><strong>mutandae</strong></span> <span class='ocrx_word' id='word_1_21' title='bbox 795 640 948 707; x_wconf 87' lang='lat' dir='ltr'><strong>librorum</strong></span> <span class='ocrx_word' id='word_1_22' title='bbox 962 643 1136 730; x_wconf 79' lang='lat' dir='ltr'><strong>scripturae</strong></span> 
     </span>
     <span class='ocr_line' id='line_1_4' title="bbox 117 744 1057 831; baseline 0.001 -20"><span class='ocrx_word' id='word_1_23' title='bbox 117 768 239 823; x_wconf 88' lang='lat' dir='ltr'><strong>causam,</strong></span> <span class='ocrx_word' id='word_1_24' title='bbox 257 767 315 831; x_wconf 81' lang='lat' dir='ltr'><strong>quo</strong></span> <span class='ocrx_word' id='word_1_25' title='bbox 333 755 367 808; x_wconf 79' lang='lat' dir='ltr'><strong>tu</strong></span> <span class='ocrx_word' id='word_1_26' title='bbox 378 755 473 830; x_wconf 79' lang='lat' dir='ltr'><strong>paeto</strong></span> <span class='ocrx_word' id='word_1_27' title='bbox 490 744 616 822; x_wconf 79' lang='grc' dir='ltr'><strong><em>καλῶς</em></strong></span> <span class='ocrx_word' id='word_1_28' title='bbox 634 756 662 809; x_wconf 87' lang='lat' dir='ltr'><strong>te</strong></span> <span class='ocrx_word' id='word_1_29' title='bbox 680 748 934 812; x_wconf 80' lang='grc' dir='ltr'><strong><em>σπείσασθαι</em></strong></span> <span class='ocrx_word' id='word_1_30' title='bbox 951 745 1057 812; x_wconf 63' lang='lat' dir='ltr'><strong>dhaet</strong></span> 
     </span>
    </p>
   </div>
   <div class='ocr_carea' id='block_1_3' title="bbox 112 912 1138 2466">
    <p class='ocr_par' dir='ltr' id='par_1_3' title="bbox 112 912 1138 2466">
     <span class='ocr_line' id='line_1_5' title="bbox 550 912 681 969; baseline -0.015 0"><span class='ocrx_word' id='word_1_31' title='bbox 550 912 600 969; x_wconf 84' lang='lat' dir='ltr'><strong>Va.</strong></span> <span class='ocrx_word' id='word_1_32' title='bbox 620 912 681 967; x_wconf 83' lang='lat'>313.</span> 
     </span>
     <span class='ocr_line' id='line_1_6' title="bbox 141 1013 1010 1106; baseline 0.001 -20"><span class='ocrx_word' id='word_1_33' title='bbox 141 1017 194 1102; x_wconf 74' lang='grc' dir='ltr'><strong>οὐχ</strong></span> <span class='ocrx_word' id='word_1_34' title='bbox 210 1016 375 1099; x_wconf 79' lang='grc' dir='ltr'><strong><em>ἁπάντων,</em></strong></span> <span class='ocrx_word' id='word_1_35' title='bbox 396 1013 456 1101; x_wconf 77' lang='grc' dir='ltr'><strong>οὐχ</strong></span> <span class='ocrx_word' id='word_1_36' title='bbox 474 1013 645 1085; x_wconf 78' lang='grc' dir='ltr'><strong><em>ἁπάντων·</em></strong></span> <span class='ocrx_word' id='word_1_37' title='bbox 665 1014 735 1084; x_wconf 77' lang='grc' dir='ltr'><strong><em>ἀλλ’</em></strong></span> <span class='ocrx_word' id='word_1_38' title='bbox 751 1015 815 1104; x_wconf 70' lang='grc' dir='ltr'><strong>ἐγὼ</strong></span> <span class='ocrx_word' id='word_1_39' title='bbox 834 1020 936 1106; x_wconf 74' lang='grc' dir='ltr'><strong><em>λέγων</em></strong></span> <span class='ocrx_word' id='word_1_40' title='bbox 954 1015 1010 1086; x_wconf 79' lang='grc' dir='ltr'><strong>ὁδί</strong></span> 
     </span>
     <span class='ocr_line' id='line_1_7' title="bbox 139 1115 1077 1210; baseline -0.002 -19"><span class='ocrx_word' id='word_1_41' title='bbox 139 1120 225 1191; x_wconf 76' lang='grc' dir='ltr'><strong><em>πόλλ’</em></strong></span> <span class='ocrx_word' id='word_1_42' title='bbox 241 1119 280 1190; x_wconf 76' lang='grc' dir='ltr'><strong>ἂν</strong></span> <span class='ocrx_word' id='word_1_43' title='bbox 298 1115 506 1210; x_wconf 75' lang='grc' dir='ltr'><em>ἀποφήναιμ’</em></span> <span class='ocrx_word' id='word_1_44' title='bbox 523 1118 665 1201; x_wconf 71' lang='grc' dir='ltr'><strong><em>ἐκείνους</em></strong></span> <span class='ocrx_word' id='word_1_45' title='bbox 682 1118 756 1189; x_wconf 67' lang='grc' dir='ltr'><strong>ἔσθ’</strong></span> <span class='ocrx_word' id='word_1_46' title='bbox 773 1121 795 1188; x_wconf 80' lang='grc' dir='ltr'><strong><em>ἃ</em></strong></span> <span class='ocrx_word' id='word_1_47' title='bbox 813 1117 1077 1207; x_wconf 78' lang='grc' dir='ltr'><strong>κάδικουμένους.</strong></span> 
     </span>
     <span class='ocr_line' id='line_1_8' title="bbox 167 1237 1137 1311; baseline 0.001 -2"><span class='ocrx_word' id='word_1_48' title='bbox 167 1244 233 1311; x_wconf 82' lang='grc' dir='ltr'><strong>Νου</strong></span> <span class='ocrx_word' id='word_1_49' title='bbox 264 1243 348 1309; x_wconf 89' lang='lat' dir='ltr'><strong>coire</strong></span> <span class='ocrx_word' id='word_1_50' title='bbox 379 1239 489 1309; x_wconf 85' lang='grc' dir='ltr'><strong><em>πολλὰ</em></strong></span> <span class='ocrx_word' id='word_1_51' title='bbox 521 1265 594 1307; x_wconf 85' lang='lat' dir='ltr'><strong>eum</strong></span> <span class='ocrx_word' id='word_1_52' title='bbox 625 1237 698 1308; x_wconf 68' lang='grc' dir='ltr'><strong><em>ἔσθ’</em></strong></span> <span class='ocrx_word' id='word_1_53' title='bbox 729 1240 751 1308; x_wconf 82' lang='grc' dir='ltr'><strong><em>ἃ</em></strong></span> <span class='ocrx_word' id='word_1_54' title='bbox 782 1252 868 1308; x_wconf 87' lang='lat' dir='ltr'><strong>recte</strong></span> <span class='ocrx_word' id='word_1_55' title='bbox 903 1265 979 1308; x_wconf 87' lang='lat' dir='ltr'><strong>sane</strong></span> <span class='ocrx_word' id='word_1_56' title='bbox 1013 1246 1137 1311; x_wconf 89' lang='lat' dir='ltr'><strong>monuit</strong></span> 
     </span>
     <span class='ocr_line' id='line_1_9' title="bbox 112 1340 1136 1433; baseline 0 -19"><span class='ocrx_word' id='word_1_57' title='bbox 112 1349 316 1424; x_wconf 80' lang='lat' dir='ltr'><strong>Hamalrerus,</strong></span> <span class='ocrx_word' id='word_1_58' title='bbox 341 1346 398 1411; x_wconf 90' lang='lat' dir='ltr'><strong>sed</strong></span> <span class='ocrx_word' id='word_1_59' title='bbox 420 1344 502 1411; x_wconf 90' lang='lat' dir='ltr'><strong>male</strong></span> <span class='ocrx_word' id='word_1_60' title='bbox 524 1345 653 1432; x_wconf 81' lang='lat' dir='ltr'>corrigit</span> <span class='ocrx_word' id='word_1_61' title='bbox 675 1340 741 1432; x_wconf 67' lang='lat' dir='ltr'><strong>eye</strong></span> <span class='ocrx_word' id='word_1_62' title='bbox 763 1346 865 1431; x_wconf 80' lang='grc' dir='ltr'><strong><em>λέγων</em></strong></span> <span class='ocrx_word' id='word_1_63' title='bbox 887 1340 943 1411; x_wconf 79' lang='grc' dir='ltr'><strong>ὁδὶ</strong></span> <span class='ocrx_word' id='word_1_64' title='bbox 963 1343 1076 1433; x_wconf 76' lang='grc' dir='ltr'><strong>μεγάλ’</strong></span> <span class='ocrx_word' id='word_1_65' title='bbox 1096 1343 1136 1414; x_wconf 75' lang='grc' dir='ltr'><strong>ἂν</strong></span> 
     </span>
     <span class='ocr_line' id='line_1_10' title="bbox 114 1444 1138 1539; baseline 0 -23"><span class='ocrx_word' id='word_1_66' title='bbox 114 1448 328 1539; x_wconf 78' lang='grc' dir='ltr'><strong>ἀποφήναιμι,</strong></span> <span class='ocrx_word' id='word_1_67' title='bbox 357 1448 391 1512; x_wconf 90' lang='lat' dir='ltr'><strong>in</strong></span> <span class='ocrx_word' id='word_1_68' title='bbox 413 1471 478 1534; x_wconf 90' lang='lat' dir='ltr'><strong>quo</strong></span> <span class='ocrx_word' id='word_1_69' title='bbox 502 1444 568 1534; x_wconf 67' lang='lat' dir='ltr'><strong>tyci</strong></span> <span class='ocrx_word' id='word_1_70' title='bbox 590 1470 718 1514; x_wconf 85' lang='lat' dir='ltr'><strong>craseos</strong></span> <span class='ocrx_word' id='word_1_71' title='bbox 741 1470 842 1536; x_wconf 83' lang='lat' dir='ltr'><strong>genus</strong></span> <span class='ocrx_word' id='word_1_72' title='bbox 866 1458 916 1514; x_wconf 91' lang='lat' dir='ltr'><strong>est</strong></span> <span class='ocrx_word' id='word_1_73' title='bbox 936 1472 1067 1535; x_wconf 90' lang='lat' dir='ltr'><strong>prorsus</strong></span> <span class='ocrx_word' id='word_1_74' title='bbox 1088 1451 1138 1516; x_wconf 90' lang='lat' dir='ltr'><strong>in·</strong></span> 
     </span>
     <span class='ocr_line' id='line_1_11' title="bbox 114 1547 1136 1639; baseline 0.001 -19"><span class='ocrx_word' id='word_1_75' title='bbox 114 1556 250 1620; x_wconf 88' lang='lat' dir='ltr'><strong>auditum.</strong></span> <span class='ocrx_word' id='word_1_76' title='bbox 295 1551 406 1621; x_wconf 88' lang='lat' dir='ltr'><strong>Verba</strong></span> <span class='ocrx_word' id='word_1_77' title='bbox 424 1553 470 1617; x_wconf 91' lang='lat' dir='ltr'><strong>sic</strong></span> <span class='ocrx_word' id='word_1_78' title='bbox 488 1550 662 1617; x_wconf 85' lang='lat' dir='ltr'><strong>ordinanda</strong></span> <span class='ocrx_word' id='word_1_79' title='bbox 677 1562 750 1616; x_wconf 91' lang='lat' dir='ltr'><strong>sunt</strong></span> <span class='ocrx_word' id='word_1_80' title='bbox 765 1548 829 1638; x_wconf 75' lang='grc' dir='ltr'><strong>ἐγὼ</strong></span> <span class='ocrx_word' id='word_1_81' title='bbox 844 1547 899 1618; x_wconf 79' lang='grc' dir='ltr'><strong>ὁδὶ</strong></span> <span class='ocrx_word' id='word_1_82' title='bbox 910 1549 1020 1619; x_wconf 82' lang='grc' dir='ltr'><strong><em>πολλὰ</em></strong></span> <span class='ocrx_word' id='word_1_83' title='bbox 1034 1554 1136 1639; x_wconf 80' lang='grc' dir='ltr'><strong><em>λέγων</em></strong></span> 
     </span>
     <span class='ocr_line' id='line_1_12' title="bbox 115 1650 1137 1745; baseline 0.001 -22"><span class='ocrx_word' id='word_1_84' title='bbox 115 1652 305 1745; x_wconf 78' lang='grc' dir='ltr'><em>ἀποφήναιμ’</em></span> <span class='ocrx_word' id='word_1_85' title='bbox 323 1650 377 1735; x_wconf 70' lang='grc' dir='ltr'><strong>ἄν,</strong></span> <span class='ocrx_word' id='word_1_86' title='bbox 405 1655 427 1720; x_wconf 90' lang='lat' dir='ltr'><strong>i.</strong></span> <span class='ocrx_word' id='word_1_87' title='bbox 446 1677 474 1721; x_wconf 89' lang='lat' dir='ltr'><strong>e.</strong></span> <span class='ocrx_word' id='word_1_88' title='bbox 498 1657 591 1742; x_wconf 75' lang='lat' dir='ltr'><strong>[cupa</strong></span> <span class='ocrx_word' id='word_1_89' title='bbox 613 1657 751 1720; x_wconf 69' lang='grc' dir='ltr'><strong>ονυιιῗονιι</strong></span> <span class='ocrx_word' id='word_1_90' title='bbox 772 1658 926 1721; x_wconf 72' lang='lat' dir='ltr'><em>ostendere</em></span> <span class='ocrx_word' id='word_1_91' title='bbox 937 1658 1058 1744; x_wconf 78' lang='lat' dir='ltr'><strong>poesim</strong></span> <span class='ocrx_word' id='word_1_92' title='bbox 1075 1681 1137 1724; x_wconf 81' lang='lat' dir='ltr'><strong>ease</strong></span> 
     </span>
     <span class='ocr_line' id='line_1_13' title="bbox 115 1757 1135 1849; baseline 0 -23"><span class='ocrx_word' id='word_1_93' title='bbox 115 1764 193 1826; x_wconf 84' lang='lat' dir='ltr'><strong>etiem</strong></span> <span class='ocrx_word' id='word_1_94' title='bbox 217 1782 293 1849; x_wconf 81' lang='lat' dir='ltr'><strong>quae</strong></span> <span class='ocrx_word' id='word_1_95' title='bbox 318 1760 368 1823; x_wconf 80' lang='lat' dir='ltr'><strong>illi</strong></span> <span class='ocrx_word' id='word_1_96' title='bbox 389 1783 411 1822; x_wconf 86' lang='lat' dir='ltr'><strong>a</strong></span> <span class='ocrx_word' id='word_1_97' title='bbox 432 1759 520 1823; x_wconf 78' lang='lat' dir='ltr'><strong>nebia</strong></span> <span class='ocrx_word' id='word_1_98' title='bbox 546 1761 658 1823; x_wconf 80' lang='lat' dir='ltr'><strong>iniuste</strong></span> <span class='ocrx_word' id='word_1_99' title='bbox 677 1761 770 1845; x_wconf 78' lang='lat' dir='ltr'><strong>paeri</strong></span> <span class='ocrx_word' id='word_1_100' title='bbox 794 1771 875 1823; x_wconf 83' lang='lat' dir='ltr'><strong>aunt.</strong></span> <span class='ocrx_word' id='word_1_101' title='bbox 921 1757 1038 1825; x_wconf 84' lang='lat' dir='ltr'><strong>obfuit</strong></span> <span class='ocrx_word' id='word_1_102' title='bbox 1058 1762 1135 1827; x_wconf 83' lang='lat' dir='ltr'><strong>viris</strong></span> 
     </span>
     <span class='ocr_line' id='line_1_14' title="bbox 116 1859 1137 1948; baseline 0 -19"><span class='ocrx_word' id='word_1_103' title='bbox 116 1864 202 1929; x_wconf 83' lang='lat' dir='ltr'><strong>lectis</strong></span> <span class='ocrx_word' id='word_1_104' title='bbox 223 1863 308 1948; x_wconf 87' lang='lat' dir='ltr'><strong>quod</strong></span> <span class='ocrx_word' id='word_1_105' title='bbox 329 1859 441 1928; x_wconf 84' lang='grc' dir='ltr'><strong><em>πολλὰ</em></strong></span> <span class='ocrx_word' id='word_1_106' title='bbox 463 1884 537 1926; x_wconf 89' lang='lat' dir='ltr'><strong>cum</strong></span> <span class='ocrx_word' id='word_1_107' title='bbox 558 1863 660 1947; x_wconf 71' lang='grc' dir='ltr'><strong><em>λέγων</em></strong></span> <span class='ocrx_word' id='word_1_108' title='bbox 687 1860 943 1947; x_wconf 84' lang='lat' dir='ltr'><strong>coniungendum</strong></span> <span class='ocrx_word' id='word_1_109' title='bbox 969 1885 1040 1929; x_wconf 90' lang='lat' dir='ltr'><strong>esse</strong></span> <span class='ocrx_word' id='word_1_110' title='bbox 1064 1863 1137 1930; x_wconf 87' lang='lat' dir='ltr'><strong>ideo</strong></span> 
     </span>
     <span class='ocr_line' id='line_1_15' title="bbox 116 1959 1137 2049; baseline 0.003 -18"><span class='ocrx_word' id='word_1_111' title='bbox 116 1991 169 2033; x_wconf 90' lang='lat' dir='ltr'><strong>non</strong></span> <span class='ocrx_word' id='word_1_112' title='bbox 187 1967 340 2042; x_wconf 82' lang='lat' dir='ltr'><strong>viderent,</strong></span> <span class='ocrx_word' id='word_1_113' title='bbox 367 1965 517 2049; x_wconf 90' lang='lat' dir='ltr'><strong>quoniam</strong></span> <span class='ocrx_word' id='word_1_114' title='bbox 540 1965 587 2031; x_wconf 88' lang='lat' dir='ltr'><strong>sic</strong></span> <span class='ocrx_word' id='word_1_115' title='bbox 610 1959 651 2031; x_wconf 77' lang='grc' dir='ltr'><strong>ἂν</strong></span> <span class='ocrx_word' id='word_1_116' title='bbox 672 1964 826 2048; x_wconf 89' lang='lat' dir='ltr'><strong>particula</strong></span> <span class='ocrx_word' id='word_1_117' title='bbox 846 1987 911 2029; x_wconf 88' lang='lat' dir='ltr'><strong>non</strong></span> <span class='ocrx_word' id='word_1_118' title='bbox 934 1988 992 2032; x_wconf 90' lang='lat' dir='ltr'><strong>suo</strong></span> <span class='ocrx_word' id='word_1_119' title='bbox 1009 1964 1080 2033; x_wconf 87' lang='lat' dir='ltr'><strong>loco</strong></span> <span class='ocrx_word' id='word_1_120' title='bbox 1097 1967 1137 2034; x_wconf 91' lang='lat' dir='ltr'><strong>iis</strong></span> 
     </span>
     <span class='ocr_line' id='line_1_16' title="bbox 118 2060 1137 2155; baseline -0.001 -20"><span class='ocrx_word' id='word_1_121' title='bbox 118 2070 205 2155; x_wconf 86' lang='lat' dir='ltr'><strong>posita</strong></span> <span class='ocrx_word' id='word_1_122' title='bbox 224 2092 294 2135; x_wconf 90' lang='lat' dir='ltr'><strong>esse</strong></span> <span class='ocrx_word' id='word_1_123' title='bbox 317 2067 485 2133; x_wconf 87' lang='lat' dir='ltr'><strong>videretur.</strong></span> <span class='ocrx_word' id='word_1_124' title='bbox 530 2068 633 2152; x_wconf 86' lang='lat' dir='ltr'><strong>Atqui</strong></span> <span class='ocrx_word' id='word_1_125' title='bbox 654 2067 748 2154; x_wconf 89' lang='lat' dir='ltr'><strong>plane</strong></span> <span class='ocrx_word' id='word_1_126' title='bbox 771 2067 816 2132; x_wconf 93' lang='lat' dir='ltr'><strong>sic</strong></span> <span class='ocrx_word' id='word_1_127' title='bbox 833 2065 912 2132; x_wconf 88' lang='lat' dir='ltr'><strong>Pac.</strong></span> <span class='ocrx_word' id='word_1_128' title='bbox 932 2068 1003 2135; x_wconf 82' lang='lat'>137.</span> <span class='ocrx_word' id='word_1_129' title='bbox 1023 2060 1137 2135; x_wconf 76' lang='grc' dir='ltr'><strong>ἅλλίὖ</strong></span> 
     </span>
     <span class='ocr_line' id='line_1_17' title="bbox 119 2166 1137 2257; baseline 0.003 -20"><span class='ocrx_word' id='word_1_130' title='bbox 119 2169 174 2254; x_wconf 78' lang='grc' dir='ltr'><strong>μέλ’</strong></span> <span class='ocrx_word' id='word_1_131' title='bbox 193 2170 229 2239; x_wconf 72' lang='grc' dir='ltr'><strong>ἂν</strong></span> <span class='ocrx_word' id='word_1_132' title='bbox 250 2197 311 2257; x_wconf 89' lang='grc' dir='ltr'><strong>μοι</strong></span> <span class='ocrx_word' id='word_1_133' title='bbox 329 2175 445 2238; x_wconf 77' lang='grc' dir='ltr'><em>σιτίων</em></span> <span class='ocrx_word' id='word_1_134' title='bbox 462 2171 596 2237; x_wconf 78' lang='grc' dir='ltr'><strong><em>πολλῶν</em></strong></span> <span class='ocrx_word' id='word_1_135' title='bbox 615 2168 693 2238; x_wconf 67' lang='grc' dir='ltr'><strong>ἔδει.</strong></span> <span class='ocrx_word' id='word_1_136' title='bbox 738 2169 823 2236; x_wconf 88' lang='lat' dir='ltr'><strong>Plut.</strong></span> <span class='ocrx_word' id='word_1_137' title='bbox 845 2171 917 2236; x_wconf 87' lang='lat'>119.</span> <span class='ocrx_word' id='word_1_138' title='bbox 942 2166 1061 2250; x_wconf 81' lang='grc' dir='ltr'><strong><em>ὃΖεὺς</em></strong></span> <span class='ocrx_word' id='word_1_139' title='bbox 1077 2172 1137 2255; x_wconf 76' lang='grc' dir='ltr'><strong>μὲν</strong></span> 
     </span>
     <span class='ocr_line' id='line_1_18' title="bbox 120 2264 1138 2360; baseline 0.001 -20"><span class='ocrx_word' id='word_1_140' title='bbox 120 2264 166 2341; x_wconf 77' lang='grc' dir='ltr'><strong>οὖν</strong></span> <span class='ocrx_word' id='word_1_141' title='bbox 189 2270 250 2342; x_wconf 76' lang='grc' dir='ltr'><strong>οἶδ’</strong></span> <span class='ocrx_word' id='word_1_142' title='bbox 272 2270 318 2353; x_wconf 77' lang='grc' dir='ltr'><strong>ὥς</strong></span> <span class='ocrx_word' id='word_1_143' title='bbox 344 2270 387 2340; x_wconf 81' lang='grc' dir='ltr'><strong>τὰ</strong></span> <span class='ocrx_word' id='word_1_144' title='bbox 412 2273 540 2339; x_wconf 81' lang='grc' dir='ltr'><strong><em>τούτων</em></strong></span> <span class='ocrx_word' id='word_1_145' title='bbox 568 2271 651 2360; x_wconf 78' lang='grc' dir='ltr'><strong>μῶρ’</strong></span> <span class='ocrx_word' id='word_1_146' title='bbox 672 2268 721 2357; x_wconf 68' lang='grc' dir='ltr'><strong>ἔμ’</strong></span> <span class='ocrx_word' id='word_1_147' title='bbox 742 2272 773 2340; x_wconf 79' lang='grc' dir='ltr'><strong>εἰ</strong></span> <span class='ocrx_word' id='word_1_148' title='bbox 798 2270 948 2353; x_wconf 76' lang='grc' dir='ltr'><strong>πύθοιτ’,</strong></span> <span class='ocrx_word' id='word_1_149' title='bbox 987 2269 1027 2341; x_wconf 75' lang='grc' dir='ltr'><strong>ἂν</strong></span> <span class='ocrx_word' id='word_1_150' title='bbox 1061 2272 1138 2342; x_wconf 71' lang='grc' dir='ltr'><strong>ἔπι-</strong></span> 
     </span>
     <span class='ocr_line' id='line_1_19' title="bbox 119 2372 1134 2466; baseline 0.002 -25"><span class='ocrx_word' id='word_1_151' title='bbox 119 2383 242 2466; x_wconf 76' lang='grc' dir='ltr'><strong>ιρίψειε.</strong></span> <span class='ocrx_word' id='word_1_152' title='bbox 286 2378 370 2444; x_wconf 74' lang='lat' dir='ltr'><strong>Rau.</strong></span> <span class='ocrx_word' id='word_1_153' title='bbox 392 2376 466 2443; x_wconf 83' lang='lat'>556.</span> <span class='ocrx_word' id='word_1_154' title='bbox 494 2374 716 2465; x_wconf 82' lang='grc' dir='ltr'><strong><em>προσεδόκας,</em></strong></span> <span class='ocrx_word' id='word_1_155' title='bbox 743 2372 815 2464; x_wconf 83' lang='grc' dir='ltr'><strong>ὁτιή</strong></span> <span class='ocrx_word' id='word_1_156' title='bbox 839 2376 1024 2464; x_wconf 88' lang='grc' dir='ltr'><strong><em>κοθόρνους</em></strong></span> <span class='ocrx_word' id='word_1_157' title='bbox 1042 2372 1134 2459; x_wconf 76' lang='grc' dir='ltr'><strong><em>εἶχες,</em></strong></span> 
     </span>
    </p>
   </div>
   <div class='ocr_carea' id='block_1_4' title="bbox 18 2476 404 2569">
    <p class='ocr_par' dir='ltr' id='par_1_4' title="bbox 18 2476 404 2569">
     <span class='ocr_line' id='line_1_20' title="bbox 18 2476 404 2569; baseline 0 -23"><span class='ocrx_word' id='word_1_158' title='bbox 18 2521 20 2554; x_wconf 58' lang='grc' dir='ltr'>ς</span> <span class='ocrx_word' id='word_1_159' title='bbox 121 2477 152 2548; x_wconf 72' lang='grc' dir='ltr'><strong>ἂν</strong></span> <span class='ocrx_word' id='word_1_160' title='bbox 166 2486 280 2569; x_wconf 77' lang='grc' dir='ltr'><strong><em>γνῶναί</em></strong></span> <span class='ocrx_word' id='word_1_161' title='bbox 299 2476 328 2547; x_wconf 80' lang='lat' dir='ltr'><strong>o’</strong></span> <span class='ocrx_word' id='word_1_162' title='bbox 345 2479 404 2547; x_wconf 72' lang='grc' dir='ltr'><strong>ἴοι.</strong></span> 
     </span>
    </p>
   </div>
   <div class='ocr_carea' id='block_1_5' title="bbox 173 2648 1139 3066">
    <p class='ocr_par' dir='ltr' id='par_1_5' title="bbox 173 2648 1139 3066">
     <span class='ocr_line' id='line_1_21' title="bbox 552 2648 683 2704; baseline -0.023 0"><span class='ocrx_word' id='word_1_163' title='bbox 552 2648 603 2704; x_wconf 85' lang='lat' dir='ltr'><strong>Vs.</strong></span> <span class='ocrx_word' id='word_1_164' title='bbox 622 2648 683 2702; x_wconf 79' lang='lat'><strong>317.</strong></span> 
     </span>
     <span class='ocr_line' id='line_1_22' title="bbox 180 2751 1011 2842; baseline 0 -22"><span class='ocrx_word' id='word_1_165' title='bbox 180 2751 235 2821; x_wconf 83' lang='grc' dir='ltr'><strong>κόἷν</strong></span> <span class='ocrx_word' id='word_1_166' title='bbox 251 2778 288 2840; x_wconf 76' lang='grc' dir='ltr'><strong>γε</strong></span> <span class='ocrx_word' id='word_1_167' title='bbox 305 2751 351 2842; x_wconf 81' lang='grc' dir='ltr'><strong>μή</strong></span> <span class='ocrx_word' id='word_1_168' title='bbox 370 2756 453 2840; x_wconf 73' lang='grc' dir='ltr'><strong>λέγω</strong></span> <span class='ocrx_word' id='word_1_169' title='bbox 473 2753 586 2819; x_wconf 81' lang='grc' dir='ltr'><em>δίκαια</em></span> <span class='ocrx_word' id='word_1_170' title='bbox 603 2753 687 2840; x_wconf 79' lang='grc' dir='ltr'><em>μηδὲ</em></span> <span class='ocrx_word' id='word_1_171' title='bbox 704 2758 752 2839; x_wconf 75' lang='grc' dir='ltr'><strong>τῷ</strong></span> <span class='ocrx_word' id='word_1_172' title='bbox 769 2753 897 2840; x_wconf 84' lang='grc' dir='ltr'><strong><em>πλήθει</em></strong></span> <span class='ocrx_word' id='word_1_173' title='bbox 914 2754 1011 2836; x_wconf 71' lang='lat' dir='ltr'><strong>dorsi,</strong></span> 
     </span>
     <span class='ocr_line' id='line_1_23' title="bbox 180 2854 1058 2948; baseline -0.001 -23"><span class='ocrx_word' id='word_1_174' title='bbox 180 2854 260 2948; x_wconf 75' lang='grc' dir='ltr'><strong><em>ὑπὲρ</em></strong></span> <span class='ocrx_word' id='word_1_175' title='bbox 280 2856 434 2944; x_wconf 74' lang='grc' dir='ltr'><strong>ἐπιξήνου</strong></span> <span class='ocrx_word' id='word_1_176' title='bbox 453 2856 589 2945; x_wconf 89' lang='grc' dir='ltr'><strong><em>θελήσω</em></strong></span> <span class='ocrx_word' id='word_1_177' title='bbox 608 2854 666 2944; x_wconf 83' lang='grc' dir='ltr'><strong>τήν</strong></span> <span class='ocrx_word' id='word_1_178' title='bbox 683 2855 828 2945; x_wconf 80' lang='grc' dir='ltr'><strong><em>κεφαλήν</em></strong></span> <span class='ocrx_word' id='word_1_179' title='bbox 847 2856 927 2940; x_wconf 65' lang='grc' dir='ltr'><strong>ἔχων</strong></span> <span class='ocrx_word' id='word_1_180' title='bbox 944 2860 1058 2944; x_wconf 76' lang='grc' dir='ltr'><strong>λέγειν.</strong></span> 
     </span>
     <span class='ocr_line' id='line_1_24' title="bbox 173 2977 1139 3066; baseline -0.001 -22"><span class='ocrx_word' id='word_1_181' title='bbox 173 2977 233 3044; x_wconf 86' lang='lat' dir='ltr'><strong>Vix</strong></span> <span class='ocrx_word' id='word_1_182' title='bbox 250 2979 313 3044; x_wconf 90' lang='lat' dir='ltr'><strong>dici</strong></span> <span class='ocrx_word' id='word_1_183' title='bbox 330 2988 435 3066; x_wconf 86' lang='lat' dir='ltr'><strong>potest</strong></span> <span class='ocrx_word' id='word_1_184' title='bbox 452 3001 549 3064; x_wconf 90' lang='lat' dir='ltr'><strong>quam</strong></span> <span class='ocrx_word' id='word_1_185' title='bbox 566 2986 766 3064; x_wconf 88' lang='lat' dir='ltr'><strong>portentosas</strong></span> <span class='ocrx_word' id='word_1_186' title='bbox 784 2978 926 3064; x_wconf 85' lang='lat' dir='ltr'><strong>plerique</strong></span> <span class='ocrx_word' id='word_1_187' title='bbox 944 2980 1044 3044; x_wconf 90' lang='lat' dir='ltr'><strong>critici</strong></span> <span class='ocrx_word' id='word_1_188' title='bbox 1061 3001 1139 3044; x_wconf 89' lang='lat' dir='ltr'><strong>con-</strong></span> 
     </span>
    </p>
   </div>
   <div class='ocr_carea' id='block_1_6' title="bbox 19 3079 1137 3168">
    <p class='ocr_par' dir='ltr' id='par_1_6' title="bbox 19 3079 1137 3168">
     <span class='ocr_line' id='line_1_25' title="bbox 19 3079 1137 3168; baseline 0.004 -25"><span class='ocrx_word' id='word_1_189' title='bbox 19 3125 20 3132; x_wconf 24' lang='grc' dir='ltr'><strong><em>λ</em></strong></span> <span class='ocrx_word' id='word_1_190' title='bbox 123 3079 237 3149; x_wconf 86' lang='lat' dir='ltr'><strong>iacturas</strong></span> <span class='ocrx_word' id='word_1_191' title='bbox 259 3083 294 3147; x_wconf 92' lang='lat' dir='ltr'><strong>in</strong></span> <span class='ocrx_word' id='word_1_192' title='bbox 314 3082 454 3148; x_wconf 89' lang='lat' dir='ltr'><strong>medium</strong></span> <span class='ocrx_word' id='word_1_193' title='bbox 477 3080 651 3159; x_wconf 78' lang='lat' dir='ltr'><strong>attulerint,</strong></span> <span class='ocrx_word' id='word_1_194' title='bbox 678 3091 714 3145; x_wconf 87' lang='lat' dir='ltr'><strong>ut</strong></span> <span class='ocrx_word' id='word_1_195' title='bbox 735 3104 850 3168; x_wconf 88' lang='lat' dir='ltr'><strong>pravos</strong></span> <span class='ocrx_word' id='word_1_196' title='bbox 874 3083 1005 3147; x_wconf 88' lang='lat' dir='ltr'><strong>secundi</strong></span> <span class='ocrx_word' id='word_1_197' title='bbox 1026 3105 1137 3148; x_wconf 90' lang='lat' dir='ltr'><strong>versus</strong></span> 
     </span>
    </p>
   </div>
   <div class='ocr_carea' id='block_1_7' title="bbox 124 3182 1139 3664">
    <p class='ocr_par' dir='ltr' id='par_1_7' title="bbox 124 3182 1139 3664">
     <span class='ocr_line' id='line_1_26' title="bbox 124 3182 1138 3273; baseline 0.006 -27"><span class='ocrx_word' id='word_1_198' title='bbox 124 3205 249 3252; x_wconf 84' lang='lat' dir='ltr'><strong>numeros</strong></span> <span class='ocrx_word' id='word_1_199' title='bbox 260 3185 465 3272; x_wconf 84' lang='lat' dir='ltr'><strong>corrigerent-3</strong></span> <span class='ocrx_word' id='word_1_200' title='bbox 484 3184 597 3249; x_wconf 88' lang='lat' dir='ltr'><strong>melius</strong></span> <span class='ocrx_word' id='word_1_201' title='bbox 607 3183 692 3249; x_wconf 89' lang='lat' dir='ltr'><strong>haud</strong></span> <span class='ocrx_word' id='word_1_202' title='bbox 701 3183 797 3250; x_wconf 88' lang='lat' dir='ltr'><strong>dubie</strong></span> <span class='ocrx_word' id='word_1_203' title='bbox 806 3185 839 3263; x_wconf 92' lang='lat' dir='ltr'><strong>ii,</strong></span> <span class='ocrx_word' id='word_1_204' title='bbox 858 3186 912 3270; x_wconf 92' lang='lat' dir='ltr'><strong>qui</strong></span> <span class='ocrx_word' id='word_1_205' title='bbox 924 3182 981 3272; x_wconf 80' lang='grc' dir='ltr'><strong>τήν</strong></span> <span class='ocrx_word' id='word_1_206' title='bbox 994 3182 1138 3273; x_wconf 80' lang='grc' dir='ltr'><strong><em>κεφαλήν</em></strong></span> 
     </span>
     <span class='ocr_line' id='line_1_27' title="bbox 124 3287 1138 3375; baseline 0.004 -26"><span class='ocrx_word' id='word_1_207' title='bbox 124 3306 155 3351; x_wconf 86' lang='lat' dir='ltr'><strong>ex</strong></span> <span class='ocrx_word' id='word_1_208' title='bbox 170 3288 419 3375; x_wconf 82' lang='lat' dir='ltr'><strong>interpretatione</strong></span> <span class='ocrx_word' id='word_1_209' title='bbox 436 3287 558 3352; x_wconf 90' lang='lat' dir='ltr'><strong>illatum</strong></span> <span class='ocrx_word' id='word_1_210' title='bbox 578 3297 743 3353; x_wconf 84' lang='lat' dir='ltr'><strong>censerent</strong></span> <span class='ocrx_word' id='word_1_211' title='bbox 758 3299 949 3374; x_wconf 82' lang='lat' dir='ltr'><strong>pactamque</strong></span> <span class='ocrx_word' id='word_1_212' title='bbox 973 3288 1138 3372; x_wconf 80' lang='lat' dir='ltr'><strong>scripsisse</strong></span> 
     </span>
     <span class='ocr_line' id='line_1_28' title="bbox 124 3385 1139 3479; baseline 0.002 -25"><span class='ocrx_word' id='word_1_213' title='bbox 124 3389 242 3457; x_wconf 81' lang='lat' dir='ltr'><strong>dicerent</strong></span> <span class='ocrx_word' id='word_1_214' title='bbox 271 3386 365 3479; x_wconf 66' lang='lat' dir='ltr'><strong>crjvd&#39;</strong></span> <span class='ocrx_word' id='word_1_215' title='bbox 390 3388 470 3473; x_wconf 66' lang='grc' dir='ltr'><strong><em>ἔχων</em></strong></span> <span class='ocrx_word' id='word_1_216' title='bbox 504 3386 567 3476; x_wconf 80' lang='grc' dir='ltr'><strong>ἒγιὺ</strong></span> <span class='ocrx_word' id='word_1_217' title='bbox 599 3391 716 3475; x_wconf 78' lang='grc' dir='ltr'><strong>λέγειν,</strong></span> <span class='ocrx_word' id='word_1_218' title='bbox 753 3389 805 3455; x_wconf 89' lang='lat' dir='ltr'><strong>vel</strong></span> <span class='ocrx_word' id='word_1_219' title='bbox 834 3386 925 3476; x_wconf 76' lang='grc' dir='ltr'><strong><em>τήνδ’</em></strong></span> <span class='ocrx_word' id='word_1_220' title='bbox 949 3388 1030 3471; x_wconf 67' lang='grc' dir='ltr'><strong><em>ἔχων</em></strong></span> <span class='ocrx_word' id='word_1_221' title='bbox 1060 3385 1139 3473; x_wconf 79' lang='grc' dir='ltr'><strong>ὑμῖν</strong></span> 
     </span>
     <span class='ocr_line' id='line_1_29' title="bbox 124 3492 1137 3580; baseline 0.001 -25"><span class='ocrx_word' id='word_1_222' title='bbox 124 3492 218 3578; x_wconf 75' lang='grc' dir='ltr'><strong>λέγειν.</strong></span> <span class='ocrx_word' id='word_1_223' title='bbox 253 3495 339 3560; x_wconf 92' lang='lat' dir='ltr'><strong>Mihi</strong></span> <span class='ocrx_word' id='word_1_224' title='bbox 355 3515 482 3580; x_wconf 87' lang='lat' dir='ltr'><strong>queque</strong></span> <span class='ocrx_word' id='word_1_225' title='bbox 499 3494 539 3558; x_wconf 89' lang='lat' dir='ltr'><strong>de</strong></span> <span class='ocrx_word' id='word_1_226' title='bbox 557 3493 836 3579; x_wconf 87' lang='lat' dir='ltr'><strong>interpretamento</strong></span> <span class='ocrx_word' id='word_1_227' title='bbox 853 3514 1042 3579; x_wconf 88' lang='lat' dir='ltr'><strong>persuasum</strong></span> <span class='ocrx_word' id='word_1_228' title='bbox 1060 3504 1137 3571; x_wconf 90' lang='lat' dir='ltr'><strong>erat,</strong></span> 
     </span>
     <span class='ocr_line' id='line_1_30' title="bbox 128 3595 896 3664; baseline 0.003 -6"><span class='ocrx_word' id='word_1_229' title='bbox 128 3598 226 3664; x_wconf 84' lang='lat' dir='ltr'><strong>sedita</strong></span> <span class='ocrx_word' id='word_1_230' title='bbox 243 3609 277 3663; x_wconf 90' lang='lat' dir='ltr'><strong>ut</strong></span> <span class='ocrx_word' id='word_1_231' title='bbox 296 3621 336 3663; x_wconf 88' lang='lat' dir='ltr'><strong>ex</strong></span> <span class='ocrx_word' id='word_1_232' title='bbox 353 3620 402 3662; x_wconf 80' lang='lat' dir='ltr'><strong>vs.</strong></span> <span class='ocrx_word' id='word_1_233' title='bbox 421 3595 495 3663; x_wconf 85' lang='lat'>355.</span> <span class='ocrx_word' id='word_1_234' title='bbox 514 3595 686 3662; x_wconf 87' lang='lat' dir='ltr'><strong>rescribere</strong></span> <span class='ocrx_word' id='word_1_235' title='bbox 705 3619 803 3661; x_wconf 90' lang='lat' dir='ltr'><strong>ausus</strong></span> <span class='ocrx_word' id='word_1_236' title='bbox 822 3596 896 3662; x_wconf 79' lang='lat' dir='ltr'><strong>simz</strong></span> 
     </span>
    </p>
   </div>
   <div class='ocr_carea' id='block_1_8' title="bbox 174 3710 1141 3926">
    <p class='ocr_par' dir='ltr' id='par_1_8' title="bbox 174 3710 1141 3926">
     <span class='ocr_line' id='line_1_31' title="bbox 174 3710 1065 3805; baseline 0 -22"><span class='ocrx_word' id='word_1_237' title='bbox 174 3713 253 3804; x_wconf 75' lang='grc' dir='ltr'><strong><em>ὑπὲρ</em></strong></span> <span class='ocrx_word' id='word_1_238' title='bbox 271 3716 428 3805; x_wconf 76' lang='grc' dir='ltr'><strong>ἐπιξήνου</strong></span> <span class='ocrx_word' id='word_1_239' title='bbox 447 3716 583 3803; x_wconf 86' lang='grc' dir='ltr'><strong><em>θελήσω</em></strong></span> <span class='ocrx_word' id='word_1_240' title='bbox 601 3711 708 3783; x_wconf 79' lang='grc' dir='ltr'><strong><em>πάνθ’</em></strong></span> <span class='ocrx_word' id='word_1_241' title='bbox 725 3710 774 3783; x_wconf 72' lang='lat'><strong>30²</strong></span> <span class='ocrx_word' id='word_1_242' title='bbox 791 3712 832 3783; x_wconf 81' lang='grc' dir='ltr'><strong>ἂν</strong></span> <span class='ocrx_word' id='word_1_243' title='bbox 850 3718 933 3801; x_wconf 79' lang='grc' dir='ltr'><strong>λέγω</strong></span> <span class='ocrx_word' id='word_1_244' title='bbox 951 3717 1065 3803; x_wconf 77' lang='grc' dir='ltr'><strong>λέγειν.</strong></span> 
     </span>
     <span class='ocr_line' id='line_1_32' title="bbox 176 3833 1141 3926; baseline -0.001 -22"><span class='ocrx_word' id='word_1_245' title='bbox 176 3837 263 3921; x_wconf 83' lang='lat' dir='ltr'><strong>Quae</strong></span> <span class='ocrx_word' id='word_1_246' title='bbox 290 3839 318 3904; x_wconf 91' lang='lat' dir='ltr'><strong>si</strong></span> <span class='ocrx_word' id='word_1_247' title='bbox 344 3861 409 3903; x_wconf 90' lang='lat' dir='ltr'><strong>non</strong></span> <span class='ocrx_word' id='word_1_248' title='bbox 435 3838 588 3926; x_wconf 83' lang='lat' dir='ltr'><strong>genuina,</strong></span> <span class='ocrx_word' id='word_1_249' title='bbox 615 3848 648 3903; x_wconf 88' lang='lat' dir='ltr'><strong>at</strong></span> <span class='ocrx_word' id='word_1_250' title='bbox 676 3847 761 3903; x_wconf 87' lang='lat' dir='ltr'><strong>certe</strong></span> <span class='ocrx_word' id='word_1_251' title='bbox 787 3833 894 3902; x_wconf 78' lang='lat' dir='ltr'><strong>taimen</strong></span> <span class='ocrx_word' id='word_1_252' title='bbox 920 3860 984 3904; x_wconf 91' lang='lat' dir='ltr'><strong>non</strong></span> <span class='ocrx_word' id='word_1_253' title='bbox 1009 3838 1141 3925; x_wconf 86' lang='lat' dir='ltr'><strong>indigna</strong></span> 
     </span>
    </p>
   </div>
   <div class='ocr_carea' id='block_1_9' title="bbox 21 3936 1142 4028">
    <p class='ocr_par' dir='ltr' id='par_1_9' title="bbox 21 3936 1142 4028">
     <span class='ocr_line' id='line_1_33' title="bbox 21 3936 1142 4028; baseline 0.004 -27"><span class='ocrx_word' id='word_1_254' title='bbox 21 3999 22 4014; x_wconf 60' lang='grc'>,</span> <span class='ocrx_word' id='word_1_255' title='bbox 127 3936 330 4028; x_wconf 82' lang='lat' dir='ltr'><strong>Aristophanis</strong></span> <span class='ocrx_word' id='word_1_256' title='bbox 349 3942 507 4028; x_wconf 84' lang='lat' dir='ltr'><strong>elegantia</strong></span> <span class='ocrx_word' id='word_1_257' title='bbox 524 3941 679 4027; x_wconf 88' lang='lat' dir='ltr'><strong>scriptura</strong></span> <span class='ocrx_word' id='word_1_258' title='bbox 702 3952 761 4006; x_wconf 85' lang='lat' dir='ltr'><strong>est.</strong></span> <span class='ocrx_word' id='word_1_259' title='bbox 805 3939 884 4005; x_wconf 87' lang='lat' dir='ltr'><strong>Plus</strong></span> <span class='ocrx_word' id='word_1_260' title='bbox 903 3964 1001 4007; x_wconf 89' lang='lat' dir='ltr'><strong>ausus</strong></span> <span class='ocrx_word' id='word_1_261' title='bbox 1019 3939 1142 4006; x_wconf 70' lang='lat' dir='ltr'><strong>Hama</strong></span> 
     </span>
    </p>
   </div>
   <div class='ocr_carea' id='block_1_10' title="bbox 128 4038 1147 4235">
    <p class='ocr_par' dir='ltr' id='par_1_10' title="bbox 128 4038 1147 4235">
     <span class='ocr_line' id='line_1_34' title="bbox 128 4038 1147 4132; baseline 0.006 -30"><span class='ocrx_word' id='word_1_262' title='bbox 128 4038 205 4110; x_wconf 81' lang='lat' dir='ltr'><strong>herus</strong></span> <span class='ocrx_word' id='word_1_263' title='bbox 221 4055 320 4110; x_wconf 87' lang='lat' dir='ltr'><strong>totum</strong></span> <span class='ocrx_word' id='word_1_264' title='bbox 337 4067 465 4111; x_wconf 83' lang='lat' dir='ltr'><strong>versum</strong></span> <span class='ocrx_word' id='word_1_265' title='bbox 483 4045 649 4132; x_wconf 85' lang='lat' dir='ltr'><strong>expunxit,</strong></span> <span class='ocrx_word' id='word_1_266' title='bbox 673 4044 759 4127; x_wconf 88' lang='lat' dir='ltr'><strong>quod</strong></span> <span class='ocrx_word' id='word_1_267' title='bbox 777 4066 849 4109; x_wconf 89' lang='lat' dir='ltr'><strong>cum</strong></span> <span class='ocrx_word' id='word_1_268' title='bbox 868 4044 937 4110; x_wconf 89' lang='lat' dir='ltr'><strong>sine</strong></span> <span class='ocrx_word' id='word_1_269' title='bbox 954 4044 1147 4110; x_wconf 58' lang='lat' dir='ltr'><strong>detrimento&gt;</strong></span> 
     </span>
     <span class='ocr_line' id='line_1_35' title="bbox 130 4147 1142 4235; baseline 0.007 -30"><span class='ocrx_word' id='word_1_270' title='bbox 130 4147 347 4227; x_wconf 87' lang='lat' dir='ltr'><strong>aequabilitatis,</strong></span> <span class='ocrx_word' id='word_1_271' title='bbox 365 4171 429 4234; x_wconf 91' lang='lat' dir='ltr'><strong>qua</strong></span> <span class='ocrx_word' id='word_1_272' title='bbox 445 4159 545 4214; x_wconf 89' lang='lat' dir='ltr'><strong>totum</strong></span> <span class='ocrx_word' id='word_1_273' title='bbox 564 4148 625 4214; x_wconf 91' lang='lat' dir='ltr'><strong>hoc</strong></span> <span class='ocrx_word' id='word_1_274' title='bbox 643 4147 731 4213; x_wconf 86' lang='lat' dir='ltr'><strong>cheri</strong></span> <span class='ocrx_word' id='word_1_275' title='bbox 749 4158 779 4213; x_wconf 88' lang='lat' dir='ltr'><strong>et</strong></span> <span class='ocrx_word' id='word_1_276' title='bbox 793 4147 1031 4235; x_wconf 87' lang='lat' dir='ltr'><strong>Dicaeopolidis</strong></span> <span class='ocrx_word' id='word_1_277' title='bbox 1046 4147 1142 4213; x_wconf 87' lang='lat' dir='ltr'><strong>collo-</strong></span> 
     </span>
    </p>
   </div>
   <div class='ocr_carea' id='block_1_11' title="bbox 22 4247 1143 4339">
    <p class='ocr_par' dir='ltr' id='par_1_11' title="bbox 22 4247 1143 4339">
     <span class='ocr_line' id='line_1_36' title="bbox 22 4247 1143 4339; baseline 0.004 -30"><span class='ocrx_word' id='word_1_278' title='bbox 22 4265 24 4332; x_wconf 54' lang='grc' dir='ltr'><em>ι</em></span> <span class='ocrx_word' id='word_1_279' title='bbox 132 4247 218 4327; x_wconf 88' lang='lat' dir='ltr'><strong>quium</strong></span> <span class='ocrx_word' id='word_1_280' title='bbox 235 4253 366 4339; x_wconf 83' lang='lat' dir='ltr'><strong>regitur,</strong></span> <span class='ocrx_word' id='word_1_281' title='bbox 389 4252 457 4318; x_wconf 88' lang='lat' dir='ltr'><strong>fieri</strong></span> <span class='ocrx_word' id='word_1_282' title='bbox 477 4276 540 4317; x_wconf 90' lang='lat' dir='ltr'><strong>non</strong></span> <span class='ocrx_word' id='word_1_283' title='bbox 558 4273 653 4338; x_wconf 88' lang='lat' dir='ltr'><strong>posse</strong></span> <span class='ocrx_word' id='word_1_284' title='bbox 672 4251 893 4330; x_wconf 85' lang='lat' dir='ltr'><strong>intellexisset,</strong></span> <span class='ocrx_word' id='word_1_285' title='bbox 917 4251 1029 4317; x_wconf 86' lang='lat' dir='ltr'><strong>eadem</strong></span> <span class='ocrx_word' id='word_1_286' title='bbox 1046 4271 1143 4338; x_wconf 88' lang='lat' dir='ltr'><strong>opera</strong></span> 
     </span>
    </p>
   </div>
   <div class='ocr_carea' id='block_1_12' title="bbox 0 0 1458 4909">
    <p class='ocr_par' dir='ltr' id='par_1_12' title="bbox 0 0 1458 4909">
     <span class='ocr_line' id='line_1_37' title="bbox 0 0 1458 4909; baseline 0 0"><span class='ocrx_word' id='word_1_287' title='bbox 0 0 1458 4909; x_wconf 95' lang='lat' dir='ltr'><strong> </strong></span> 
     </span>
    </p>
   </div>
  </div>
 </body>
</html>
