2859 4909
546 1110 729 1187 PAX.

588 1346 638 1402 Vs.
656 1347 682 1403 5.

234 1464 303 1534 idol)
321 1463 397 1553 μάλ’
414 1457 531 1546 αὖθις·
549 1473 618 1535 ποῦ
635 1465 697 1557 γὰρ
715 1466 755 1557 ἢν
772 1474 827 1537 νῦν
846 1466 884 1558 δὴ
904 1468 1036 1560 ἕφερεςς

189 1603 324 1692 Miratus
346 1629 457 1672 servus
480 1605 535 1691 qui
556 1615 621 1672 tam
644 1607 707 1673 cito
730 1606 919 1676 scarabaeus
941 1607 1080 1676 oblatam
1096 1610 1157 1697 pil·

120 1708 220 1774 lulam
240 1707 466 1797 absumpserit,
489 1731 553 1775 non
575 1710 678 1796 potuit
699 1733 850 1796 quaerere
872 1716 940 1778 ποῦ
961 1710 1024 1800 γὰρ
1041 1712 1080 1802 ἢν
1100 1719 1155 1781 νῦν

122 1811 162 1899 δὴ
174 1811 295 1901 ἔφερες,
315 1812 372 1879 sed
382 1812 490 1878 debuit
498 1809 537 1900 ἣν
550 1818 606 1879 νῦν
620 1812 660 1899 di
671 1808 800 1903 ’'pepov,
821 1815 977 1901 siquidem
990 1812 1029 1883 τὸ
1043 1821 1156 1905 φέρειν

121 1917 273 2001 pinsentis
296 1916 381 1981 servi
399 1926 462 1993 est,
485 1916 525 1982 de
543 1916 641 1983 altero
660 1930 780 1996 autem,
803 1919 858 2005 qui
875 1918 1001 2006 pillulas
1019 1942 1060 1986 ex
1078 1930 1156 1986 ster·

122 2041 194 2085 core
216 2017 367 2086 formatas
389 2018 559 2086 scarabaeo
580 2018 739 2098 tradebat,
766 2022 891 2089 rectius
906 2022 1021 2089 δοῦναι
1042 2022 1156 2089 dicitur

121 2144 217 2207 quam
242 2127 369 2212 φέρειν,
397 2145 456 2189 nec
480 2135 658 2211 repugnant
683 2146 733 2191 vs.
755 2125 785 2189 4„
809 2137 841 2190 et
863 2126 913 2191 11.
941 2124 996 2191 ubi
1024 2123 1082 2205 δὸς
1107 2137 1156 2191 est

122 2227 199 2291 mibi
215 2229 265 2291 do.

579 2395 629 2452 Vs.
650 2397 692 2452 18.

284 2514 384 2607 αὐτὴν
403 2513 453 2606 ἄρ’
471 2518 553 2586 οἴσω
573 2514 745 2604 συλλαβὼν
762 2516 820 2606 τὴν
839 2512 982 2585 ἀντλίαν.

184 2655 286 2723 Servo
312 2655 464 2742 pinsenti,
492 2656 548 2742 qui
570 2678 605 2721 se
626 2655 780 2744 imparem
803 2678 874 2722 esse
897 2665 961 2721 tam
983 2654 1077 2722 foedo
1099 2678 1155 2722 ne-

119 2761 207 2847 gotio
230 2759 367 2838 dixerat,
388 2759 572 2848 responderi
593 2782 658 2825 non
678 2759 782 2846 potuit
799 2783 818 2825 a
834 2760 937 2855 primo
960 2781 1051 2825 servo
1069 2759 1156 2846 quod

119 2884 203 2929 nunc
225 2862 442 2949 respondetur.
488 2860 700 2930 Scribendum
722 2861 848 2928 videtur
870 2857 971 2950 αὐτὴν
998 2857 1049 2951 ἄρ’
1070 2858 1153 2929 οἶσε.

118 2966 219 3033 Recte
236 2975 343 3032 autem
361 2961 461 3053 αὐτὴν
479 2966 569 3045 dicit,
591 2966 695 3053 ipsam
719 2965 873 3032 sentinam
892 2966 925 3031 in
942 2965 1072 3031 vasculo
1090 2989 1155 3031 ser·

119 3079 225 3137 vatam
242 3069 359 3157 apponi
375 3068 499 3135 iubens.

579 3236 629 3293 Vs.
647 3237 692 3292 42.

654 3354 713 3426 οὐκ
736 3355 809 3427 ἔσθ’
826 3355 921 3440 ὅπως

267 3459 355 3531 τοῦτ’
373 3459 499 3531 ’ἔστιτὸ
516 3466 614 3551 τέρας
633 3458 772 3542 οὖΛιὸς
789 3462 1002 3548 καταιβάτου.

180 3601 267 3669 Nihil
289 3602 494 3677 acrimoniae,
518 3600 596 3665 nihil
619 3601 773 3667 acuminis
799 3601 882 3666 inest
903 3601 937 3666 in
963 3621 1154 3666 commemo·

114 3707 237 3772 ratione
250 3706 338 3772 lovis
356 3703 571 3792 fulguratoris,
589 3704 640 3769 cui
654 3703 731 3788 quid
746 3703 1000 3771 substituendum
1016 3703 1057 3769 sit
1070 3702 1153 3788 clare

113 3809 249 3887 indicat,
272 3808 398 3895 opinor,
417 3806 602 3874 scholiasta:
624 3806 739 3888 παίζει
757 3806 959 3894 καταιβάτην
977 3801 1077 3874 αὐτὸν
1095 3832 1153 3873 κα-

114 3915 197 3993 λῶν,
226 3909 300 3979 ἐπεὶ
329 3909 465 3990 audacte
489 3915 648 4000 τρέφεται
674 3905 692 3976 ὁ
715 3909 895 3999 κάνθαρος.
941 3908 1154 3978 Scribendum

111 4016 213 4104 igitur
242 4012 324 4095 Διὸς
351 4014 590 4098 σκαταιβάτου,
625 4014 774 4100 idemque
805 4013 995 4082 scholiastae
1021 4014 1155 4080 redden-

113 4120 205 4184 dum.
248 4118 382 4184 Frustra
399 4117 516 4183 editam
535 4118 723 4204 scripturam
740 4118 937 4205 interpretari
955 4128 1087 4184 conatus
1105 4126 1155 4183 est

112 4222 309 4288 Brunckius.
