2859 4909
293 391 336 459 58
709 399 915 468 normas.

293 545 416 613 Versus
433 545 485 611 ille
503 566 612 610 omnes
630 541 728 609 habet
744 540 984 629 interpolatriois
1005 564 1117 607 manus
1134 549 1242 620 notas,
1269 537 1346 608 estss

294 671 356 735 que
377 670 418 714 ex
439 647 551 714 eodem
574 644 799 712 emblematum
821 666 952 732 genere,
975 644 1065 710 cuius
1082 644 1240 731 permulta
1258 658 1344 711 sunt

294 752 328 817 in
348 749 575 837 Aristophanis
598 747 715 815 fabulis
737 747 892 834 exempla.
935 745 1020 813 Eam
1042 745 1083 813 ob
1110 769 1241 814 oausam
1268 772 1344 815 non

295 852 438 920 dubitavi
459 875 532 919 eum
553 852 587 917 in
608 851 783 939 marginem
804 849 960 937 relegare,
982 860 1018 915 ut
1039 850 1103 915 iam
1124 850 1342 917 Hermannus

296 966 448 1025 suaserat.

747 1121 798 1178 Vs.
816 1122 876 1178 526.

297 1226 368 1299 εἶτα
381 1225 545 1316 Κρατίνου
558 1230 770 1315 μεμνημένος,
790 1225 829 1306 ὃς
845 1227 961 1315 πολλῷ
979 1225 1099 1317 ῥεύσας
1115 1222 1189 1294 ποτ’
1204 1225 1339 1315 ἐπαίνῳ

299 1330 355 1401 διὰ
373 1338 440 1400 τῶν
459 1328 592 1421 ἀφελών
610 1330 737 1398 πεδίων
754 1328 852 1418 ἔρρει.

361 1453 471 1519 Locus
489 1452 627 1539 pessime
643 1449 771 1517 habitus
790 1448 831 1516 ab
848 1450 1001 1538 imperitis
1020 1449 1257 1529 correctoribus,
1277 1452 1339 1535 qui

297 1568 329 1623 et
349 1554 518 1623 barbaram
539 1554 648 1620 coristi
669 1553 804 1619 formam
823 1552 995 1619 intulerunt
1012 1564 1044 1619 et
1060 1563 1187 1640 poetam
1204 1552 1339 1640 elegan-

297 1659 456 1726 tissimum
486 1656 600 1724 misere
631 1654 788 1722 balbutire
818 1655 969 1723 fecerunt.
1014 1655 1096 1741 Quis
1124 1656 1207 1722 enim
1234 1679 1338 1722 sanus

296 1761 392 1828 homo
409 1761 492 1827 dicet
508 1782 623 1847 ηιομοο
642 1761 732 1825 ίααιίο
739 1760 844 1846 fluens
857 1782 916 1847 per
933 1782 1055 1847 campos
1064 1756 1203 1846 fluebat?
1237 1758 1338 1825 Viro-

297 1888 368 1931 rum
385 1864 548 1929 doctorum
567 1862 764 1941 coniecturis,
783 1885 916 1948 quorum
930 1862 984 1928 alii
995 1867 1115 1951 βρίσας
1129 1861 1181 1928 ulii
1193 1866 1339 1949 πρίψας

297 1973 509 2045 tentaverunt,
535 1964 613 2030 nihil
638 1965 748 2052 profici
775 1976 918 2053 apertum
941 1976 998 2031 est.
1042 1970 1181 2052 Βρίθειν
1203 1963 1335 2054 ἐπαίνῳ

297 2092 410 2159 graece
428 2067 491 2135 dici
507 2090 572 2134 non
588 2078 707 2154 potest3
725 2068 878 2134 hactenus
895 2078 1069 2155 praestaret
1082 2068 1169 2154 quod
1181 2068 1335 2135 Koskius

297 2173 417 2239 invenit
434 2176 570 2258 στρέψας
587 2165 662 2238 ποτ’
678 2168 815 2259 ἐπαίνῳ.
862 2168 1003 2238 Omnino
1021 2182 1127 2238 autem
1143 2170 1271 2237 laudem
1290 2171 1334 2238 ab

296 2275 449 2343 hocloco
472 2275 607 2341 ahenam
627 2283 719 2361 puto,
746 2274 934 2359 requiroque
957 2273 1075 2360 aliquid
1098 2296 1161 2360 quo
1183 2275 1334 2349 torrentis

297 2381 403 2467 imago
420 2379 584 2445 indicetur.
624 2376 737 2462 Itaque
754 2377 859 2443 locum
877 2378 942 2444 iam
959 2378 1131 2463 antiquitus
1149 2387 1335 2465 corruptum

297 2484 341 2550 ita
358 2506 379 2548 a
395 2492 490 2569 poeta
507 2480 659 2568 scriptum
676 2481 777 2547 firisse
796 2481 954 2568 suspicor:

298 2598 370 2669 εἶτα
382 2605 544 2689 Κρατίνου
559 2604 770 2687 μεμνημένος,
791 2599 829 2680 ὃς
842 2599 980 2689 ῥεύματι
994 2602 1108 2690 πολλῷ
1122 2598 1197 2669 ποτ’
1213 2598 1334 2681 σἰείνως

299 2701 356 2771 διὰ
372 2709 439 2770 τῶν
457 2698 590 2792 ἀφελῶν
607 2702 734 2804 arctat
752 2701 849 2792 dapar.

298 2823 406 2890 Causa
424 2821 619 2909 corruptelae
636 2823 710 2889 inde
728 2824 899 2910 repetenda
915 2824 1049 2905 videtur,
1067 2825 1154 2909 quod
1170 2826 1203 2891 in
1221 2826 1333 2893 codice

296 2926 466 3013 archetypo
484 2925 609 2991 inverso
627 2925 796 2994 verborum
814 2927 922 2994 ordine
942 2926 1108 3015 legebatur
1124 2929 1239 3016 πολλῷ
1259 2930 1335 3018 ῥεύ-

295 3054 390 3114 ματι,
410 3029 495 3115 quod
513 3031 669 3096 corrector
685 3041 787 3097 metro
805 3031 1098 3097 accommodaturos
1115 3054 1173 3118 pro
1192 3031 1335 3121 ῥεύματι

297 3156 389 3199 suum
407 3132 485 3197 illud
502 3130 622 3222 ῥεύσας
643 3132 779 3216 infersit,
809 3156 872 3219 quo
893 3134 980 3199 illato
1002 3156 1075 3199 cum
1098 3134 1334 3203 substantivum

295 3236 501 3314 desideraret,
535 3257 593 3301 suo
619 3237 760 3323 periculo
787 3231 905 3316 ἆείνως
930 3236 1104 3324 refingebat
1130 3238 1165 3303 in
1192 3237 1332 3327 ἐπαίνῳ.

296 3340 393 3426 Quod
415 3339 512 3405 altero
533 3361 629 3405 versu
650 3338 767 3427 legitur
789 3334 935 3427 ἀφελών,
963 3339 1075 3405 melius
1097 3364 1163 3407 non
1184 3351 1333 3430 tangere3

295 3444 456 3531 ψελλίων,
479 3442 566 3528 quod
582 3442 690 3509 nescio
707 3465 792 3509 nunc
806 3443 877 3527 quis
900 3443 1032 3509 coniecit
1047 3466 1153 3529 neque
1175 3445 1333 3512 adiective

295 3546 357 3611 dici
379 3568 481 3631 neque
504 3544 628 3612 duabus
652 3544 782 3632 syllabis
805 3547 908 3612 efferri
929 3557 1047 3634 potest3
1078 3547 1120 3612 ad
1142 3549 1332 3615 sententiam

292 3647 428 3735 probum
446 3660 532 3715 esset
547 3648 708 3735 μεγάλων,
727 3671 784 3735 per
800 3660 891 3715 vasta
908 3672 1091 3737 camporum
1109 3650 1221 3736 spatia.
1265 3650 1332 3719 Sed

295 3749 459 3837 vulgatum
477 3761 562 3818 tenet
581 3749 724 3817 Gramm.
743 3751 883 3817 Bekkeri
900 3775 932 3839 p.
951 3753 1025 3830 469,Ι
1043 3753 1095 3818 32.

743 3919 794 3976 Va.
811 3921 872 3975 536.

302 4024 358 4088 καὶ
370 4019 415 4110 μὴ
430 4023 548 4110 ληρεῖν,
567 4020 653 4092 ἄλλα
665 4030 821 4093 θεᾶσθαι
835 4022 977 4114 λιπαρὸν
990 4022 1084 4112 παρὰ
1097 4031 1145 4113 τῷ
1157 4027 1322 4115 Διονύσῳ.

357 4141 503 4229 Dignum
526 4144 569 4209 ait
591 4167 663 4210 esse
686 4143 851 4212 Cratinum
872 4154 1000 4232 propter
1022 4147 1163 4212 scenicas
1182 4148 1330 4215 victorias

293 4247 347 4331 qui
364 4247 397 4311 in
414 4255 566 4333 prytaneo
590 4246 691 4328 bibat,
715 4271 818 4334 neque
840 4272 943 4335 nugas
967 4258 1040 4335 agat
1064 4249 1120 4314 sed
1139 4252 1330 4336 spectaculis
