2859 4909
532 402 654 460 AvEs.

527 541 577 598 Vs.
597 541 655 596 140.

199 644 304 734 εὑρὼν
323 642 453 714 ἀπιόντ’
469 641 539 713 ἀπὸ
557 650 738 734 γυμνασίου
757 646 961 731 λελουμένον.

12 754 13 763 ¹
134 768 345 834 Hamakerus
371 767 450 833 haec
475 767 510 832 in
534 766 603 833 vitii
630 767 843 856 suspicionem
869 767 1018 834 adduxit:
1045 768 1111 846 „de

12 884 14 959 j
62 871 301 959 „gymnasiam
320 871 431 955 inquit,
451 893 555 936 waren
572 892 673 957 geene
692 870 957 958 badinrigtingen,
976 894 1017 938 en
1036 869 1113 937 Stil-

12 1004 14 1065 4
63 974 234 1054 „bonides
256 975 321 1040 hon
342 973 491 1040 derhalve
513 973 576 1039 den
598 997 681 1041 zoon
703 997 766 1039 van
787 973 892 1059 zijnen
914 974 1025 1040 vriend
1045 975 1112 1062 niet

61 1077 285 1158 „aantmffem
304 1100 346 1164 op
363 1077 419 1143 het
431 1076 603 1165 cogenblik
616 1076 670 1143 dat
686 1076 730 1174 hij
749 1077 804 1143 het
821 1077 1024 1165 gymnasium
1042 1100 1113 1144 ver·

12 1174 14 1181 ’
63 1183 153 1261 „liet
168 1205 212 1247 na
228 1203 261 1246 er
273 1203 332 1246 een
341 1180 409 1246 'bad
422 1180 571 1268 gehruikt
583 1188 616 1247 to
628 1179 787 1246 hebben.“
829 1179 913 1246 Eam
927 1181 968 1248 ob
982 1203 1111 1247 causam

12 1336 14 1367 p
64 1288 114 1350 vir
144 1284 352 1350 doctissimus
375 1280 626 1370 ’ληλιμμένον
653 1284 694 1350 ab
717 1282 932 1370 Aristophane
960 1284 1111 1371 scriptum

65 1411 141 1456 esse
174 1387 321 1453 affirmat.
374 1385 477 1471 Atqui
502 1386 616 1453 balnea
642 1409 716 1453 curn
742 1386 918 1475 gymnasiis
945 1387 1112 1453 coniuncta

12 1586 13 1591 γ
65 1493 175 1559 fnisse
193 1490 245 1556 vel
261 1513 301 1557 ex
320 1489 491 1556 Theocrito
508 1490 648 1568 XXIII,
667 1490 720 1556 57.
740 1499 873 1557 constat.

12 1622 14 1719 λ
528 1643 578 1700 vs.
597 1644 657 1698 151.

12 1726 14 1833 λ
108 1743 258 1816 ἐλθόνθ’
265 1778 277 1831 ,·
311 1757 378 1815 ΕΥ.
398 1744 489 1836 ὁτιή,·
506 1746 544 1836 νὴ
562 1744 640 1827 τοὺς
657 1745 762 1827 θεοὺς
780 1742 833 1815 ὅτι
852 1743 910 1815 οὐκ
927 1746 1008 1816 ἰδών
1026 1787 1068 1798 -
1174 1743 1178 1754 ’

12 1840 14 1915 λ
131 1870 193 1935 Ita
208 1869 288 1935 haec
305 1867 546 1935 Halbertsmam
564 1878 718 1953 sequutus
736 1868 835 1946 edidi,
857 1868 955 1956 vulgo
977 1864 1050 1957 ὁτιὴ
1073 1867 1110 1956 νὴ

12 2000 13 2037 ι
68 1972 148 2054 τοὺς
169 1969 275 2051 θεοὺς
292 1969 330 2051 ὃς
349 1965 407 2038 οὐκ
425 1970 516 2039 ἰδών.
552 1971 652 2038 Recte
670 1971 806 2038 obvertit
818 1972 966 2038 Koekius
985 1973 1113 2038 aionon

12 2056 14 2161 λ
46 2088 156 2145 recte
183 2076 302 2141 dictum
326 2097 397 2142 esse
420 2072 508 2162 ὁτιή
532 2074 619 2161 quod
640 2074 888 2162 Aristophanem
909 2097 974 2141 non
995 2097 1111 2162 ponere

12 2170 14 2253 λ
70 2181 100 2245 in
125 2180 389 2266 interrogatione.
433 2179 524 2245 Bene
550 2179 647 2266 igitur
672 2178 809 2245 Bothius
817 2177 989 2302 probante
1016 2178 1112 2243 etiam

12 2283 244 2349 Dindorfio
262 2283 395 2348 coniecit
413 2278 486 2369 ὁτιὴ
504 2279 542 2368 νὴ
560 2278 638 2360 τοὺς
654 2276 798 2361 θεοὺς”
778 2276 827 2349 ου’
845 2276 904 2346 οὐκ
922 2278 1003 2347 ἰδών
1020 2318 1064 2330 -

528 2435 579 2492 Vs
597 2435 657 2490 156.

357 2534 414 2607 οὒκ
432 2536 549 2628 ἄχαρις
567 2536 601 2619 ἒς
616 2536 675 2627 τὴν
691 2539 818 2629 τριβήν.

136 2661 337 2729 Scholiasta:
357 2656 402 2740 ὡς
420 2658 477 2728 ἐπὶ
495 2656 616 2744 (ἆπὸλ)
634 2655 815 2748 ἐσθῆτοςὴ
834 2658 1019 2748 μεταφορά.
1039 2653 1111 2726 ἀντὶ

72 2772 130 2833 τοῦ
150 2764 203 2844 εἰς
218 2762 276 2852 τὴν
295 2763 475 2853 διατριβήν.
519 2763 560 2828 Id
581 2763 701 2849 ipsum,
727 2761 761 2843 ἐς
779 2762 964 2854 διατριβήν,
985 2761 1112 2832 Aristo.

75 2870 173 2955 phani
194 2868 391 2935 reddendum
413 2867 543 2934 conieci.
588 2866 813 2953 Metaphoram
835 2891 855 2933 a
875 2866 989 2933 detrito
1014 2867 1112 2933 vesti-

76 2982 184 3038 mento
201 2971 405 3058 repetendam
423 2992 494 3036 esse
511 2993 576 3036 non
590 2970 692 3057 magis
707 2970 801 3036 credo
816 2961 996 3048 affirmanti,
1015 2992 1111 3055 quam

31 3071 33 3076 ’
73 3072 171 3162 τριβὴ
196 3097 252 3161 pro
276 3070 429 3162 διατριβὴ
453 3074 572 3140 dictum
595 3095 676 3140 esse.
721 3072 829 3139 Etiam
857 3073 1007 3140 articulus
1033 3097 1112 3141 non-

74 3178 153 3243 nihil
171 3177 356 3244 offensIonis
374 3176 480 3242 hahet.

527 3311 578 3368 Vs.
597 3312 657 3367 168.

247 3413 338 3497 τίς”
318 3443 407 3505 ορνις
426 3406 538 3500 οὗτος,·
557 3412 575 3483 ὁ
597 3414 748 3495 Τελέας
733 3429 802 3522 spat
817 3417 903 3484 ταδί.

138 3537 277 3604 Prorsus
301 3538 457 3604 absonum
479 3537 559 3603 illud
579 3541 631 3616 τίς
653 3532 743 3624 όρνις
765 3562 874 3616 ουτος,
898 3558 957 3603 nec
979 3535 1110 3602 dubium

75 3651 123 3708 est
141 3640 220 3726 quin
237 3653 320 3707 recte
335 3640 567 3707 Hermannus
557 3664 592 3706 ιιι
610 3641 788 3707 schedis!
753 3644 805 3719 τίς
822 3616 967 3706 ἐστιν
929 3664 1026 3719 ουτος
1044 3663 1112 3707 cor·

76 3744 204 3810 rexerit.
245 3745 285 3809 In
305 3744 397 3810 idem
421 3754 534 3831 postea
559 3744 668 3810 incidit
694 3743 913 3822 Hamakerus,
945 3744 1000 3828 qui
1026 3744 1112 3830 quod

12 3898 14 3911 ,
76 3844 240 3913 Atticos''
222 3873 307 3935 ορνις
325 3848 437 3913 ultima
454 3846 550 3935 longa
567 3847 685 3914 dixisse
704 3847 873 3926 contendit
893 3847 1038 3933 excipere
1057 3849 1112 3913 de-

12 3946 14 3989 Ῑ
77 3948 176 4017 behat
194 3960 299 4034 poetas
318 3952 466 4038 tragicos.
495 3949 590 4016 Certe
608 3949 791 4036 Aeschylus
809 3949 924 4036 fragm
939 3951 1014 4018 297.
1033 3950 1112 4017 dixit

12 4044 14 4099 ῗ
248 4050 377 4144 θρασὺν
396 4065 555 4142 πετραῖον
574 4049 663 4142 ὄρνιν
682 4050 714 4119 ἒν
732 4057 923 4142 παντευχίᾳ,

12 4118 14 4243 ἱ
76 4154 164 4241 quod
194 4176 254 4219 non
277 4157 401 4223 videtur
427 4167 608 4244 corruptum
636 4179 717 4222 esse
764 4155 939 4243 Sophocles
963 4157 1012 4222 El.
1038 4159 1110 4224 148.

12 4274 14 4355 ζ
77 4255 168 4345 ὄρνις
205 4250 386 4343 ἀτυζομένα.
424 4270 456 4326 at
485 4259 519 4326 in
554 4260 696 4337 eiusdem
731 4261 845 4350 fragm.
880 4260 955 4327 588.
992 4261 1113 4328 incerta
