2859 4909
523 392 728 459 EQUITES.

572 529 623 586 Vs.
641 531 684 587 32.

284 644 382 700 ποῖον
398 637 535 722 βρέταςς
558 633 649 703 ἰστὸν
666 633 741 725 ἡγεῖ
755 636 817 728 γὰρ
836 641 957 725 risorie,-

187 755 270 819 Haec
299 764 347 819 est
377 755 569 840 optimorum
599 756 753 824 librorum
784 761 956 848 scriptura,
989 786 1085 849 quam
1110 779 1146 833 ut

133 856 315 921 emendarent
345 858 464 937 critici,
500 859 555 924 alii
585 860 663 926 alias
695 862 765 928 vias
795 864 945 945 inierunt,
982 867 1144 937 Porsonus

131 964 249 1047 βρέταςς
272 957 310 1026 τὸ
332 972 433 1028 ποῖον
455 958 562 1045 ἐτεόκς
589 962 752 1051 Reisigius
775 973 884 1035 ποίων
900 974 1020 1058 βρέτας
1037 976 1145 1050 decim

131 1063 202 1147 quod
221 1063 334 1128 nollem
355 1063 527 1150 placuisset
550 1065 723 1134 editoribus
740 1071 980 1151 recentissimis,
1003 1070 1087 1151 θεὸς
1104 1098 1143 1142 ne

129 1167 212 1231 semel
227 1167 354 1252 quidem
372 1168 458 1255 apud
475 1169 613 1235 comicos
630 1179 742 1256 poetas
759 1194 817 1258 pro
834 1176 1055 1263 monosyllabo
1072 1200 1143 1245 esse

127 1268 227 1335 oblitis.
262 1269 377 1338 ,Credo
404 1272 551 1356 equidem
578 1295 629 1337 me
649 1295 759 1339 veram
780 1274 946 1343 lectionem
967 1280 1142 1347 restituisse

127 1384 211 1439 ποῖον
232 1376 373 1461 piperum,-
399 1370 483 1462 φέρ’,
508 1372 598 1441 ἐτεὸν
615 1370 689 1461 ἡγεῖ
704 1374 767 1464 γὰρ
785 1379 909 1459 θεους;
947 1390 1033 1448 ΦΕΡ
1047 1406 1142 1468 quam

127 1476 241 1560 proclivi
265 1499 370 1542 errore
396 1489 469 1543 ante
495 1486 557 1544 ET
579 1478 724 1545 excidere
750 1483 887 1566 potuerit
913 1497 1056 1570 apertum
1082 1499 1140 1552 est.

126 1578 278 1645 Praetereo
291 1590 436 1645 servatur
447 1581 534 1663 quod
551 1583 731 1648 necessario
750 1585 939 1651 servandum
957 1598 1025 1654 erat
1042 1601 1141 1657 ποῖοι

124 1686 242 1770 βρέτας
259 1686 343 1770 quod
359 1696 392 1748 tu
408 1684 485 1748 midi
502 1708 621 1750 ααυναυ·
632 1688 680 1750 dei
694 1687 913 1753 *rimulamuml

566 1852 617 1909 Vs.
635 1853 679 1908 49.

277 1953 388 2046 ᾔκαλλ’
409 1953 559 2024 ἐθώπευ’
582 1954 748 2025 ἐκολάκευ’
769 1958 917 2047 ἐξηπάτα

278 2063 530 2145 κοσκυλματίοις
549 2055 681 2149 ἄκροισι
697 2066 828 2130 τοιαυτὶ
846 2066 957 2151 λέγων.

176 2180 234 2247 Pro
260 2178 392 2269 disputet
418 2181 579 2270 eleganter
604 2192 636 2247 et
657 2183 793 2249 fortasse
814 2195 899 2250 reete
921 2165 1138 2276 Wolfgangus

123 2282 228 2371 Helbig
239 2283 363 2367 (Jahrb.
378 2286 431 2351 fur
442 2284 536 2351 class,
550 2283 666 2352 Philol.
679 2287 773 2353 1861.
788 2309 821 2373 p.
835 2287 923 2370 535.)
937 2289 1139 2357 scribendum

121 2408 181 2452 esse
192 2389 322 2454 coniecit
337 2394 509 2477 σαθροῖσι,
527 2388 654 2454 mucida
667 2389 743 2455 corii
756 2392 935 2477 resegmina
947 2391 1137 2481 intelligens

526 2557 576 2614 Vs.
594 2558 715 2612 87-89.
794 2561 799 2566 ’

225 2662 297 2730 ἰδού
315 2658 342 2749 γ’
360 2659 515 2751 ἄκρατον
533 2665 612 2751 περὶ
630 2663 737 2730 πότου
756 2670 834 2750 γοῦν
852 2662 924 2731 ἐστι’
942 2689 1012 2743 σοις
1049 2667 1054 2676 ’

173 2782 277 2851 Πότου
300 2807 358 2871 pro
381 2789 489 2850 ποτοῦ
512 2783 623 2869 scripsi
640 2795 811 2870 praeeunte
828 2786 966 2853 Kookio.
1010 2793 1087 2874 γοῦν
1104 2789 1138 2855 in

119 2884 345 2975 interrogatione
367 2887 506 2952 insolens
534 2898 596 2965 est,
624 2910 683 2952 neo
709 2887 852 2954 defendit
876 2888 965 2955 locus
992 2890 1033 2956 ab
1055 2889 1137 2956 Din-

118 2988 203 3056 dorlio
220 2992 334 3058 allatus
352 2990 428 3057 Hel.
448 2989 542 3055 1247.
562 2987 595 3056 lv
614 2985 754 3078 εὐμαρεῖ
769 2995 847 3076 γοῦν
866 2987 925 3078 σὴν
943 2994 1136 3082 κασιγνήτην

119 3097 233 3172 dovetu-
268 3094 325 3161 ubi
355 3094 409 3160 alii
435 3093 551 3159 rectius
577 3093 831 3180 interrogationis
859 3095 986 3182 signum
1013 3096 1134 3164 tollunt.

117 3194 149 3259 In
163 3208 265 3265 nostro
283 3198 353 3265 loco
372 3196 514 3262 nonnulli
532 3196 657 3261 codices
675 3194 738 3286 γὰρ
756 3195 874 3262 habent
897 3198 1135 3285 interpolatione

116 3301 282 3381 manifesta,
304 3301 386 3368 Rav.
407 3289 473 3367 οὖν.
520 3298 633 3364 Conici
649 3309 755 3387 potest
772 3326 841 3381 κου,
865 3299 916 3365 vel
934 3303 1013 3384 περὶ
1029 3302 1135 3370 πότου

61 3423 66 3439 ·
114 3409 178 3482 rotie
195 3401 265 3472 ἔστί
283 3428 353 3480 σοις
369 3402 641 3488 ,ραοτυυᾶιυοᾶαιυ
663 3416 712 3469 est
734 3404 767 3467 in
788 3402 978 3490 proverbiali
999 3403 1134 3471 dictione

114 3511 178 3585 υσῦς
202 3506 234 3574 ἐν
260 3506 411 3595 καπήλου
435 3505 521 3593 apud
542 3505 709 3571 Platonem
731 3506 860 3592 Frugm.
885 3504 978 3570 Com.
1001 3506 1064 3572 vol.
1087 3506 1133 3572 H.

113 3611 213 3692 pult.
250 3610 402 3677 Ceterum
412 3631 522 3675 vereor
533 3632 572 3674 ne
582 3632 703 3688 versus,
722 3608 835 3694 dequo
845 3608 980 3695 agimus,
999 3609 1134 3676 alienam

113 3712 207 3779 sedem
215 3713 427 3801 occupaverit,
444 3721 540 3799 poeta
549 3724 654 3779 autem
668 3723 768 3780 totum
783 3712 888 3778 locum
902 3712 946 3777 ita
960 3713 1133 3800 scripserit:

146 3826 183 3884 A.
209 3815 257 3901 μὰ
275 3812 330 3883 Δί’
347 3811 416 3882 ἄλλ’
434 3810 574 3903 ἄκρατον
593 3811 680 3883 οἶνον
699 3811 833 3902 ἀγαθοῦ
853 3814 1020 3898 δαίμονος.

146 3928 181 3987 Β.
208 3920 280 3986 idov'
299 3915 326 4005 γ’
343 3914 498 4004 ἄκρατον·
517 3920 596 4006 περὶ
613 3918 721 3985 πότου
739 3924 815 3997 νοῦς
833 3915 906 3985 ἐστί
924 3941 995 3996 σοι,·

146 4031 183 4089 Α.
209 4023 292 4102 ἰ’σως
308 4019 371 4110 γὰρ
391 4018 431 4088 ἂν
446 4020 587 4109 χρηστόν
604 4046 638 4088 τι
654 4018 913 4107 βουλευσαλμτθ’
931 4017 981 4089 ἄν.
1065 4099 1067 4102 .

146 4134 180 4190 B.
206 4132 281 4205 πῶς
299 4120 330 4191 δ’
349 4120 389 4191 dv
406 4123 543 4209 μεθύων
558 4123 700 4212 χρηστόν
717 4150 751 4191 τι
767 4121 975 4210 βουλεύσαιτ’
992 4120 1089 4216 σἰυήρ;

113 4221 164 4290 Cui
174 4229 249 4296 alter
261 4229 444 4317 respondet:
464 4224 589 4314 ἄληθες
601 4217 712 4307 οὗτος;
729 4228 1081 4317 κρουυοχυτροληραῖος
1091 4224 1130 4295 εἶ.

871 4329 918 4394 4¹}
