2859 4909
288 387 356 431 vm
693 381 922 436 ADDENDA.

355 522 441 587 Plut.
460 523 512 587 41.
558 521 655 607 δῆλον
674 517 746 608 ὁτιὴ
765 524 821 588 καὶ
838 524 953 610 τυφλῷ
970 529 1091 609 γνῶναι
1109 523 1200 590 δοκεῖ
1216 521 1324 590 τοῦθ’.

292 624 388 708 Quod
414 624 539 713 τυφλός
566 624 769 691 scribendum
795 646 867 691 esse
894 626 1028 704 conieci,
1060 627 1236 693 coniecerat
1264 628 1329 692 iam

293 728 571 805 HemsterhnsiuS‚
590 751 610 793 a
627 728 854 794 recentissimis
873 729 1046 795 editoribus
1064 730 1238 817 neglectus.

358 865 439 932 Ibid.
466 864 540 931 586.
565 876 595 931 et
618 864 692 931 592.
737 872 854 952 κοτίνῳ
881 867 1046 954 στεφάνῳ.
1090 868 1244 954 Recipere
1274 868 1332 932 de-

293 967 406 1034 bebam
424 967 560 1035 Porsoni
578 968 829 1036 emendationem
846 975 964 1056 κοτινῷ
983 971 1146 1058 στεφάνῳ.

357 1106 439 1172 Ibid.
468 1105 542 1174 842.
591 1103 630 1172 τὸ
657 1106 833 1195 τριβώνιον
861 1107 897 1173 db
923 1114 957 1174 τί
984 1108 1119 1174 δύναται
1146 1106 1232 1194 πρὸς
1261 1114 1332 1174 τάἰν

292 1214 393 1275 θεῶν.
439 1207 535 1293 Quod
556 1208 819 1276 Hemsterhusins
839 1210 972 1277 coniecit
993 1209 1079 1296 πρὸς
1096 1209 1268 1289 τὸνθεόν,
1293 1234 1333 1275 re

292 1313 405 1378 iterum
422 1334 578 1400 perpensa
596 1336 680 1380 nnnc
697 1336 761 1380 non
778 1313 916 1400 impedio
934 1337 998 1399 quo
1016 1315 1120 1381 minus
1137 1314 1300 1401 probetur.

357 1449 439 1516 Ibid.
465 1449 538 1517 845.
583 1445 651 1516 ἀλλ’
677 1440 734 1517 οὖν
761 1449 909 1537 ἐμυήθης
932 1447 999 1539 δῆτ’
1024 1450 1057 1518 ἒν
1084 1447 1172 1539 αὐτῷ
1199 1449 1241 1518 τὰ
1268 1477 1334 1535 με·

291 1553 387 1638 γάλα.
432 1553 521 1619 Ferri
544 1576 620 1620 sane
642 1565 746 1640 potest
765 1554 845 1621 Rav.
866 1555 1019 1641 scriptura
1041 1553 1238 1642 ἐνεμυήθης,
1261 1579 1333 1621 non

297 1669 402 1721 tamen
434 1666 469 1721 ut
499 1654 703 1740 ἐμμυεῐσίλαι
733 1679 791 1744 pro
817 1664 980 1742 μυεῖσθαι
1002 1659 1064 1725 diei
1090 1681 1184 1745 posse
1211 1680 1334 1725 conoe-

292 1759 381 1837 dam3
414 1760 479 1828 imo
506 1757 691 1847 ἐνεμυήθης
716 1761 834 1827 dietum
859 1772 906 1827 est
930 1774 965 1827 ut
993 1763 1027 1827 in
1053 1774 1203 1847 sequente
1229 1784 1333 1827 versu
1419 1837 1420 1842 γ

293 1861 490 1950 ἒνιρρίγιυσα
508 1885 552 1929 so.
572 1862 605 1930 ἐν
622 1870 670 1950 τῴ
687 1869 861 1951 τριβωνίῳ.
898 1863 1084 1952 Comparari
1100 1877 1234 1952 possunt
1252 1863 1331 1932 ἐνα-

293 1970 448 2043 ποτίνειν,
470 1963 692 2034 ἐναποπατεῖν
710 1978 742 2034 et
760 1968 859 2034 multa
877 1968 1020 2033 eiusdem
1037 1970 1161 2056 generis
1180 1969 1250 2034 alia.

359 2102 439 2167 ibid.
463 2104 535 2169 917.
583 2100 692 2189 ἄρχειν
713 2110 923 2191 καθίστησιν.
968 2106 1008 2171 In
1030 2106 1079 2173 his
1104 2102 1205 2193 ἀρχήν
1229 2111 1329 2189 (unus

293 2206 362 2272 cod.
382 2201 493 2293 ἅρχην)
512 2208 645 2273 coniecit
663 2208 758 2274 etiam
771 2207 950 2287 Dobraeus,
971 2209 1027 2275 sed
1045 2209 1224 2276 dubitanter
1242 2223 1273 2276 et
1295 2223 1330 2275 ut

256 2321 260 2331 '
292 2332 364 2375 eum
384 2308 572 2395 ἐξεπίτηδες
591 2308 625 2377 ἐκ
642 2311 856 2397 παραλλήλου
875 2312 1013 2398 positum
1032 2334 1103 2379 esse
1121 2313 1292 2379 existimet.

632 3322 702 3394 Pag.
722 3324 785 3390 145,
804 3323 829 3375 2.
848 3323 903 3395 leg.
922 3334 1009 3378 actum
