2859 4909
326 1086 948 1166 ECOLESIAZUSAE.

590 1358 640 1414 Vs.
659 1359 683 1412 1.

259 1469 293 1548 ³52
309 1479 463 1569 λαμπρὸν
481 1476 574 1565 άμμα
590 1485 650 1547 τοῦ
667 1479 869 1569 τροχηλάτου
888 1480 1004 1564 λύχνου

264 1579 409 1651 κάλλιστ’
425 1582 458 1652 ἒν
477 1582 690 1651 εὖσκόποισιν
708 1581 932 1672 ἐξηρτημένον.

24 1749 25 1756 “
153 1723 157 1732 ’
190 1721 277 1788 Haec
293 1722 339 1788 ita
355 1721 487 1808 intelligi
510 1719 617 1799 video,
639 1732 675 1787 ut
691 1720 878 1809 Praxagoras
899 1721 1061 1789 lucernam
1083 1746 1159 1791 cou-

24 1821 25 1850 l
137 1824 233 1909 spicuo
257 1825 329 1891 loco
356 1847 543 1912 suspensam
569 1822 754 1909 alloquatur.
800 1822 984 1912 Suspensas
1010 1826 1159 1894 lucernae

24 1935 25 1992 ζ
134 1926 242 1993 nullum
259 1928 294 1993 in
312 1928 518 2014 sequentibus
536 1926 701 2006 indicium,
726 1948 763 1993 ac
781 1926 914 1994 debetur
930 1928 1010 1994 illud
1028 1928 1160 2018 ἐξηρτη-

131 2034 216 2112 μένον
229 2030 381 2097 Palmerii
398 2031 527 2096 demum
545 2030 760 2096 coniecturae:
777 2030 850 2097 libri
868 2031 951 2097 enim
965 2028 1159 2121 ἐξητημένον

131 2132 250 2215 habent,
279 2142 312 2201 et
336 2133 419 2200 Rav.
445 2145 608 2220 praeterea
635 2129 855 2217 εὐστόχοισιν,
888 2134 971 2200 unde
998 2134 1157 2201 edendum

131 2237 248 2323 putavi:

290 2336 436 2408 κάλλιστ’
453 2337 487 2408 ἒν
504 2335 710 2423 εὐστόχοισιν
729 2336 953 2428 ἕξηυρημένον.

132 2457 221 2527 Suam
248 2482 347 2546 quam
373 2460 520 2528 manibus
547 2459 676 2528 tenebat
701 2460 864 2527 lucernam
885 2460 1067 2547 alloquitur,
1094 2484 1159 2546 quc
1190 2499 1193 2506 ,

130 2564 197 2631 nihil
217 2563 360 2654 pulcrius
378 2588 398 2630 a
415 2562 584 2651 sagacibus
607 2564 683 2630 viris
701 2564 866 2630 inventum
886 2585 957 2632 esse
974 2564 1061 2631 dicit.
1105 2564 1158 2632 Ac

131 2668 284 2736 confirmat
306 2666 367 2733 hoc
385 2667 491 2753 ipsum
509 2666 681 2734 scholiasta
697 2666 858 2735 κάλλιστοι
874 2678 946 2746 τοῖς
964 2678 1087 2756 σοφοῖς
1104 2664 1159 2734 εὖ·

131 2776 269 2857 ρημένον,
301 2760 432 2849 τοῖςεῦ
455 2774 700 2855 σκεπτομένοις.
744 2770 827 2837 Rau
852 2771 1040 2857 scripturam
1062 2772 1157 2838 etiam

132 2872 290 2942 Dobraeus
307 2872 558 2953 commendavit,
581 2896 639 2961 pro
658 2871 851 2961 ἔξητημέυον
869 2874 1028 2941 coniciens
1047 2872 1100 2962 ἔζη
1130 2901 1160 2963 η-

133 2981 227 3059 μένον.

583 3163 633 3219 Vs.
653 3164 696 3219 16.

261 3292 401 3353 τοιαῦτα
419 3285 565 3373 συνδρῶν
584 3281 621 3352 οὗ
641 3286 752 3364 λαλεῖς
768 3295 841 3364 τοῖς
858 3285 1009 3372 πλησίον.

184 3424 255 3491 Non
278 3424 403 3490 adiutor
423 3422 600 3489 facinorum
624 3422 792 3488 mulierum
814 3420 967 3488 dicendus
986 3433 1053 3489 erat
1069 3423 1160 3511 lych-

134 3550 191 3606 nus,
209 3526 268 3594 sed
280 3527 382 3593 testis.
427 3525 536 3592 Causa
548 3526 581 3591 in
595 3517 745 3613 promptu
759 3536 822 3604 est3
841 3525 896 3610 qui
910 3525 995 3590 enim
1008 3524 1158 3595 facinoris

136 3630 222 3697 socios
241 3652 276 3697 se
294 3629 430 3708 faciunt,
453 3629 477 3693 ii
498 3628 641 3716 profecto
658 3651 724 3695 nou
740 3628 914 3694 verendum
932 3637 968 3693 ut
984 3643 1158 3714 quaecum

135 3732 190 3800 aliis
215 3734 358 3801 fecerumt
383 3730 489 3819 palam
515 3731 648 3811 faciant,
676 3731 832 3817 siquidem
858 3730 920 3817 ipsi
946 3731 1086 3798 criminis
1112 3735 1159 3799 rei

136 3846 273 3902 tenentur.
319 3834 403 3901 Eam
421 3834 462 3901 ob
481 3857 612 3900 causam
631 3834 758 3922 scripsi:
1115 3834 1118 3840 ’

238 3966 294 4067 καὶ
311 3970 416 4031 ταῦτα
435 3968 581 4052 συνορῶν
600 3958 638 4029 οὗ
657 3963 769 4042 λαλεῖς
786 3973 857 4041 τοῖς
875 3962 1027 4050 πλησίον.

139 4090 319 4160 Confirmant
341 4092 420 4158 haec
442 4092 536 4157 etiam
560 4113 700 4177 eaquae
724 4090 829 4158 statim
854 4091 942 4157 addit
963 4092 1158 4181 Praxagoras,

142 4190 203 4262 ἀνθ’
223 4186 267 4264 ὦν
290 4200 434 4263 συνείσει
455 4196 511 4262 καὶ
532 4191 575 4260 τὰ
597 4199 651 4261 νῦν
673 4193 894 4279 βουλεύματα.
