2859 4909
512 405 694 464 VESPAE.
971 435 976 446 s
1077 397 1121 463 25

21 487 23 508 l
91 547 254 613 admodum
275 542 353 633 elya
374 550 507 634 τρέφειν
534 547 658 615 dieitur·
704 546 809 616 Simili
833 549 905 617 ineo
930 550 1006 617 lusit
1027 551 1120 619 Ano-

21 659 23 694 t
91 673 201 737 nymus
217 650 340 737 Fragm.
361 649 453 716 Com.
473 651 532 720 lv.
550 671 582 739 p.
600 652 674 718 691.
698 647 905 738 ἀπόλλυμαι·
923 658 1036 744 τρέφω
1052 653 1116 745 γὰρ

21 745 23 786 l
93 751 122 820 έν
139 749 227 842 ἀγρῷ
240 757 369 841 χωρίον,
389 753 475 839 quod
493 754 534 820 ad
548 759 676 843 χοιρίον
693 754 815 822 alludia

535 957 584 1016 Vs.
602 958 662 1013 111.

228 1079 307 1163 ἔχων
325 1080 473 1170 τρόπους
491 1087 951 1170 φρυαγμοσεμνακουσιένους.

20 1201 22 1254 l
152 1219 244 1285 Hune
263 1242 407 1298 versum,
434 1218 490 1304 qui
512 1217 610 1306 vulgo
631 1229 704 1307 post
728 1218 801 1286 135.
819 1219 948 1308 legitur,
975 1244 1033 1289 eur
1053 1223 1117 1290 hue

93 1324 327 1409 transposuerim
348 1345 413 1389 non
430 1321 602 1389 obscurum
618 1322 778 1389 videbitur
792 1324 1026 1411 reputantibus,
1050 1335 1116 1392 tam

93 1425 189 1513 inepte
218 1448 289 1492 eum
317 1426 358 1492 de
384 1424 599 1512 Bdelyeleoue
625 1425 688 1491 dici
713 1447 810 1512 quam
837 1437 909 1515 apte
935 1428 1050 1494 dieitur
1075 1429 1116 1495 de

94 1528 296 1609 Philocleone,
324 1529 357 1594 in
382 1551 478 1614 quem
498 1528 592 1617 plane
614 1529 699 1595 eadit
720 1529 807 1614 quod
828 1529 882 1596 illo
905 1531 1117 1619 sesquipedali

94 1632 179 1699 verbo
194 1633 363 1712 indicatur,
382 1654 453 1698 esse
471 1655 545 1699 eum
562 1632 723 1702 hominem
741 1654 814 1698 cum
832 1634 970 1721 superbo
987 1633 1116 1701 fremitu

95 1737 266 1803 audientem.
311 1735 387 1802 Vox
417 1759 436 1802 e
467 1734 641 1824 φρυαγμός
671 1735 791 1820 σεμνός
826 1731 936 1804 ἀκούω
972 1748 1004 1805 et
1038 1743 1116 1818 νοῦς

95 1841 253 1928 eomposita
288 1849 349 1905 est.
410 1838 466 1905 Ad
504 1839 566 1906 hoc
600 1840 685 1905 enim
720 1840 809 1906 ducit
841 1839 924 1906 Rav.
960 1841 1115 1930 scriptura

96 1966 416 2031 φρυαγμοσεμνακους
445 1946 574 2024 τίνους,
611 1944 663 2009 cui
692 1944 838 2030 proxima
872 1954 922 2012 est
952 1944 1050 2010 schol.
1083 1955 1115 2011 et

95 2045 228 2113 librorum
268 2046 467 2132 quorundam
502 2045 596 2112 lectio
631 2041 1113 2135 ἀφρυαγμοοεμνακουοιένους.

96 2149 130 2215 Ιυ
149 2150 228 2217 Ven.
262 2136 414 2236 seriptum
445 2158 494 2216 est
526 2173 786 2238 φρυαγμοσεμνα
811 2156 997 2232 κουσυλνος,
1033 2151 1056 2217 i.
1083 2173 1112 2217 e.

97 2250 415 2341 φρυαγμοσεμνάκους
439 2250 545 2333 τινάς,
573 2252 660 2338 quod
681 2253 767 2339 apud
790 2252 923 2320 Suidam
945 2253 1061 2342 legitur
1083 2264 1115 2319 et

97 2355 242 2423 Lobeekio
265 2355 390 2422 Pathol.
412 2354 499 2422 Prol.
526 2378 558 2443 p.
581 2355 656 2423 315.
684 2356 817 2441 aliisque
843 2357 959 2423 criticis
983 2356 1111 2444 placuit,

18 2463 19 2496 ³
96 2459 213 2527 fortasse
229 2471 325 2526 recte.
361 2459 493 2525 Interim
510 2459 746 2547 repraesentavi
762 2459 844 2525 Rau.
864 2459 1059 2547 scripturam,
1078 2460 1112 2525 in

96 2583 149 2646 qua
164 2563 189 2629 si
204 2563 280 2648 quid
297 2563 484 2628 mutandum
501 2572 564 2639 est,
583 2562 692 2628 malim
709 2562 818 2647 utique
836 2586 1113 2651 φρυαγμοσεμνοι-

97 2666 273 2745 κυυοιικούς
290 2666 342 2732 vel
360 2670 615 2751 -ακουοίμους,

528 2868 579 2926 Vs.
598 2870 658 2925 118.

507 2990 525 3059 ὃ
546 2988 577 3058 tl'
594 2989 652 3059 οὐκ
670 2989 844 3059 ἐπείθετο·

158 3146 161 3150 -
191 3093 244 3165 εἶτ’
261 3092 361 3163 αὐτὸν
380 3091 506 3163 ἀπέλου
524 3090 715 3182 κάκάθαιρ’,
736 3093 754 3162 ὃ
774 3091 806 3163 δ’
822 3092 861 3162 οά
879 3095 981 3180 μάλα.

148 3235 198 3300 Ad
218 3243 380 3323 postrema
401 3232 549 3319 supplent
571 3237 730 3319 προσίετο
758 3234 809 3300 vel
836 3231 993 3301 ἐπείθετο
1018 3234 1112 3300 allato

96 3335 273 3426 Thesmoph.
289 3338 362 3404 846.
379 3334 468 3415 ἰλλὸς
480 3340 654 3424 γεγένημαι
667 3336 873 3424 προσδοκῶν,
889 3336 908 3404 ὃ
923 3333 955 3403 δ’
967 3333 1111 3415 οὐδέπω,

96 3438 139 3506 ubi
154 3441 361 3530 supplendum
378 3438 540 3525 πάρεστιν
558 3439 609 3505 vel
627 3444 791 3529 φαίνεται,
810 3448 847 3505 ut
864 3450 913 3506 est
928 3438 1019 3504 Eeel.
1037 3438 1112 3504 311.

95 3556 146 3612 ποῖ
162 3541 243 3613 ποθ’
259 3541 279 3632 ἡ
298 3542 377 3631 γυνὴ
395 3538 466 3610 ὀπί
481 3567 555 3628 μοι,
579 3539 655 3611 ἐπεὶ
672 3540 759 3630 πρὸς
782 3540 826 3609 ἕω
848 3547 904 3610 νῦν
921 3536 949 3628 γ’
966 3539 1067 3622 ἔστιν,
1091 3540 1112 3628 ἢ

93 3641 119 3712 δ’
132 3643 165 3715 οὗ
183 3654 347 3739 φαίνεται.
391 3645 464 3712 Non
486 3646 580 3713 oredo
602 3646 653 3713 his
674 3647 804 3713 defendi
820 3668 914 3733 posse
931 3646 1113 3733 Vesparum

92 3748 190 3831 lorum,
207 3753 270 3819 nisi
286 3751 369 3817 forte
385 3749 570 3836 imperfecta
588 3746 714 3817 ἀπέλου
733 3745 920 3837 κάκ’ἀθαιρε
937 3749 978 3815 de
996 3760 1112 3815 conatu

91 3852 243 3945 intelligas.
288 3854 439 3920 Fortasse
462 3852 667 3922 scribendum
690 3863 740 3920 est
762 3848 828 3919 εἶθ’
850 3847 948 3920 οὖτὸν
973 3847 1110 3933 ἀπέλου,
1144 3885 1149 3894 r

91 3955 210 4026 attilius
228 3957 312 4047 patri
326 3956 528 4023 lustrationes
547 3966 578 4023 et
596 3956 791 4043 expiationes
810 3977 868 4022 suo
881 3956 950 4044 ipse
968 3957 1115 4042 exemplo

92 4062 226 4145 praeiisse
240 4062 374 4128 dicatur.
412 4058 464 4127 Cf.
475 4058 648 4126 Proculum
662 4059 703 4124 ad
712 4059 855 4127 Platonis
866 4058 985 4147 Cratyl.
996 4082 1028 4147 p.
1041 4060 1113 4126 106.

93 4162 148 4230 sive
163 4166 247 4253 apud
264 4163 409 4232 Lobeck.
428 4162 590 4252 Aglaoph.
608 4185 641 4252 p.
660 4163 734 4230 633.
