2859 4909
398 367 912 427 THESMOPHORIAZUSAE.
1116 359 1177 426 147

55 541 57 544 ·
126 511 192 577 ubi
211 507 334 596 σεμνάν
350 532 409 598 pro
427 506 545 594 σεμνόν
562 520 647 576 recte
665 509 823 597 corrigere
840 510 966 577 videtur
978 509 1175 595 Diodorum,

127 616 198 681 nisi
224 615 331 702 potius
357 612 453 680 τόνον
478 636 536 701 pro
562 612 658 699 ydros
684 612 887 680 scribendum
913 623 976 694 est,
1004 625 1039 681 ut
1066 626 1177 684 sancto

127 728 233 784 cantu
260 740 296 784 se
321 717 462 783 Dianam
492 716 652 783 celebrare
683 715 782 795 dicat,
819 726 851 782 et
875 723 1008 798 Λατοῦς
1030 714 1177 807 Ἄρτεμις

126 824 257 887 dictum
275 821 316 887 sit
333 832 368 886 ut
385 819 467 899 Διὸς
487 824 610 905 Φοῖβος
627 830 659 885 et
676 818 777 886 mults
792 819 888 887 huius
905 822 1032 908 generis
1051 822 1175 890 similia.

129 925 290 992 Ceterum
304 947 362 1012 pro
376 923 540 1012 κλῄζουσα
553 923 689 990 fortasse
701 931 843 1008 praestat
856 923 993 991 scribere
1011 925 1175 1015 κλῄζουσι.

559 1110 609 1166 Vs.
629 1110 681 1165 120
697 1126 757 1181 sqq.

375 1228 480 1302 Λατιό
496 1257 532 1299 τε
550 1230 720 1321 κρούματά
738 1228 769 1298 τ’
786 1226 926 1312 άσιάδος

376 1337 460 1405 ποδὶ
476 1331 560 1425 παρ’
577 1334 730 1422 όρροθμα
748 1340 877 1424 φρυγίῳ

377 1439 558 1524 δινεόματα
574 1443 739 1527 Χαρίτων.

202 1559 347 1644 Difficile
365 1589 413 1644 cst
431 1578 472 1643 ad
490 1577 683 1656 credendum
701 1571 827 1644 deroldo
850 1588 977 1664 poetam
996 1580 1179 1668 simpliciter

12 1668 14 1761 f
131 1683 284 1771 posuisse
320 1681 361 1747 de
397 1680 517 1747 cithera
546 1680 691 1757 asiatica3
727 1702 766 1746 ac
796 1679 933 1749 fortasse
964 1683 1070 1770 ipsum
1099 1684 1179 1751 illud

12 1854 13 1861 ,
132 1785 285 1876 κιθάρας
302 1784 428 1851 excidit.
472 1782 605 1849 Editum
626 1791 734 1849 tamen
755 1782 834 1871 legit
855 1785 951 1851 etiam
968 1785 1109 1875 Etymol.
1127 1787 1177 1857 M.

135 1914 170 1977 p.
202 1889 275 1966 153,
302 1889 356 1956 31.
397 1882 550 1966 Ἀσιάδος
575 1886 760 1975 κρούματα,
795 1892 854 1975 τῆς
880 1888 1039 1978 κιθάρας,
1073 1886 1179 1972 οότιος

130 1991 373 2081 Ἀριστοφάνης
395 1986 480 2058 clere.
526 1989 642 2057 Cetera
663 1990 776 2076 scripsi
797 2000 834 2057 ut
857 1992 1024 2060 emendata
1045 1995 1178 2063 suntab

12 2186 13 2189 Ἴ
134 2097 284 2183 Engero,
318 2094 408 2160 libris
438 2094 473 2160 in
503 2094 586 2160 ποδί
614 2088 811 2180 παράρυθμ’
845 2090 998 2181 εὔρυθμα
1030 2102 1177 2184 φρυγίων

134 2196 428 2278 consentientibus;
464 2196 642 2281 δινεόματα
668 2196 805 2262 Bentleii
835 2198 1013 2266 emendatio
1044 2211 1093 2266 est
1119 2223 1177 2287 pro

136 2300 355 2386 διανεύματα.

558 2469 608 2525 Vs.
628 2469 679 2523 124
696 2486 757 2539 sqq.

425 2597 560 2679 κίθαρίν
577 2617 613 2658 τε
631 2587 743 2678 ματέρ’
760 2586 870 2676 όμνων

378 2755 387 2766 .
426 2690 540 2784 άρσενι
556 2700 622 2783 βοᾷ
640 2694 787 2778 δόκιμον.

205 2836 245 2901 ln
262 2833 312 2900 his
331 2831 467 2917 δόκιμον
483 2832 643 2899 Dindorfii
661 2841 710 2899 est
728 2831 923 2912 emendati03
950 2832 1022 2900 libri
1040 2835 1177 2925 δοκίμῳ.

135 2942 187 3006 At
214 2946 354 3026 praestat
380 2935 516 3003 fortasse
544 2935 686 3019 δοκίμιον
713 2934 864 3014 scribere,
891 2936 925 3002 id
951 2949 986 3003 ut
1008 2938 1049 3004 ad
1069 2934 1178 3024 όμνων

137 3042 305 3112 referatur.
350 3038 444 3123 Quae
469 3038 519 3104 his
547 3040 691 3126 proxime
722 3038 900 3105 inferuntur
925 3037 966 3106 ab
993 3041 1063 3108 aliis
1090 3044 1180 3111 aliter

136 3156 260 3213 tentata
277 3144 413 3211 fortasse
431 3142 476 3209 ita
494 3154 567 3209 sunt
586 3140 766 3208 scribenda:

313 3269 356 3352 τᾷ
374 3262 462 3351 φάος
480 3260 599 3329 ἔσσυτο
619 3261 806 3347 δαιμονίοις
823 3265 908 3328 θεοῦ

314 3366 462 3451 σ’ίμασιν,
482 3362 643 3454 ἁμετέρας
659 3389 696 3433 τε
715 3361 760 3433 δι’
779 3359 889 3432 άιδίου
909 3360 1005 3445 όττός,

134 3502 174 3558 ut
207 3487 367 3575 Apollinis
400 3485 550 3572 chorique
580 3495 675 3551 cantu
707 3485 846 3552 citharae
876 3486 978 3573 gloria
1013 3486 1179 3555 conciliata

132 3615 213 3662 esse
230 3592 361 3657 dicatrrr.
406 3590 579 3657 Librorum
598 3590 753 3677 scriptura
774 3598 823 3656 est
845 3589 1032 3674 δαίμονος
1054 3585 1180 3676 όμμα-

134 3723 204 3767 σιν
230 3705 262 3762 et
288 3693 494 3782 αἰφνιδίου
522 3688 632 3771 ὀπός.
680 3692 804 3759 Addidi
831 3693 928 3780 igitur
957 3699 1057 3773 θεοῦ,
1092 3696 1179 3781 quod

134 3799 328 3885 saepissime
355 3797 512 3863 excidisse
544 3806 677 3863 constat.
723 3795 857 3881 σ’ίμασιν
884 3819 925 3861 ex
945 3796 1079 3885 Bergkii
1105 3822 1180 3868 con·

133 3907 261 3971 iectura
289 3901 404 3988 recepi.
448 3898 599 3984 Denique
629 3921 688 3987 pro
719 3897 905 3987 αἰφνιδίου,
940 3901 1026 3986 quod
1061 3903 1181 3972 frustra

133 4005 296 4093 explicare
323 4004 428 4071 conati
454 4012 543 4083 sunt,
579 4002 715 4069 fortasse
747 3998 857 4070 άιδίου
890 4003 1093 4073 scribendum
1119 4019 1178 4075 est.

135 4110 315 4194 Sequentia
331 4109 365 4174 in
382 4106 471 4174 libris
488 4106 534 4172 ita
550 4105 722 4173 habentur:

314 4218 360 4294 ὧν
376 4226 473 4316 χάριν
491 4222 604 4294 ἄνακτ’
621 4222 742 4313 dyadis
763 4233 885 4313 Φοῖβον
901 4234 995 4316 τιμᾷ.

897 4331 964 4396 10*
