<?xml version="1.0" encoding="UTF-8"?>
<!DOCTYPE html PUBLIC "-//W3C//DTD XHTML 1.0 Transitional//EN"
    "http://www.w3.org/TR/xhtml1/DTD/xhtml1-transitional.dtd">
<html xmlns="http://www.w3.org/1999/xhtml" xml:lang="en" lang="en">
 <head>
  <title>
</title>
<meta http-equiv="Content-Type" content="text/html;charset=utf-8" />
  <meta name='ocr-system' content='tesseract 3.04.00' />
  <meta name='ocr-capabilities' content='ocr_page ocr_carea ocr_par ocr_line ocrx_word'/>
</head>
<body>
  <div class='ocr_page' id='page_1' title='image "./vindiciarumaris00meingoog_0052.png"; bbox 0 0 2859 4909; ppageno 0'>
   <div class='ocr_carea' id='block_1_1' title="bbox 305 388 913 457">
    <p class='ocr_par' dir='ltr' id='par_1_1' title="bbox 305 388 913 457">
     <span class='ocr_line' id='line_1_1' title="bbox 305 388 913 457; baseline -0.013 0"><span class='ocrx_word' id='word_1_1' title='bbox 305 388 350 457; x_wconf 83' lang='lat'><strong>34</strong></span> <span class='ocrx_word' id='word_1_2' title='bbox 732 394 913 454; x_wconf 73' lang='lat' dir='ltr'><strong>vesunu.</strong></span> 
     </span>
    </p>
   </div>
   <div class='ocr_carea' id='block_1_2' title="bbox 263 531 1360 1144">
    <p class='ocr_par' dir='ltr' id='par_1_2' title="bbox 263 531 1360 1144">
     <span class='ocr_line' id='line_1_2' title="bbox 306 531 1359 626; baseline -0.009 -17"><span class='ocrx_word' id='word_1_3' title='bbox 306 566 391 621; x_wconf 87' lang='lat' dir='ltr'><strong>snm,</strong></span> <span class='ocrx_word' id='word_1_4' title='bbox 414 551 449 606; x_wconf 92' lang='lat' dir='ltr'><strong>ut</strong></span> <span class='ocrx_word' id='word_1_5' title='bbox 471 538 596 626; x_wconf 82' lang='grc' dir='ltr'><strong><em>ἐγένετο</em></strong></span> <span class='ocrx_word' id='word_1_6' title='bbox 618 539 651 604; x_wconf 90' lang='lat' dir='ltr'><strong>in</strong></span> <span class='ocrx_word' id='word_1_7' title='bbox 671 562 709 624; x_wconf 88' lang='grc' dir='ltr'><strong>γε</strong></span> <span class='ocrx_word' id='word_1_8' title='bbox 726 546 882 604; x_wconf 84' lang='lat' dir='ltr'><strong>mutatum</strong></span> <span class='ocrx_word' id='word_1_9' title='bbox 898 546 970 624; x_wconf 89' lang='lat' dir='ltr'><strong>post</strong></span> <span class='ocrx_word' id='word_1_10' title='bbox 985 531 1157 621; x_wconf 68' lang='grc' dir='ltr'><strong><em>Ἀθηναῖος</em></strong></span> <span class='ocrx_word' id='word_1_11' title='bbox 1174 556 1359 621; x_wconf 88' lang='lat' dir='ltr'><strong>ponerem.</strong></span> 
     </span>
     <span class='ocr_line' id='line_1_3' title="bbox 263 632 1360 732; baseline -0.008 -19"><span class='ocrx_word' id='word_1_12' title='bbox 263 635 266 642; x_wconf 46' lang='lat'><strong>⁴</strong></span> <span class='ocrx_word' id='word_1_13' title='bbox 306 645 402 713; x_wconf 84' lang='lat' dir='ltr'>Certe</span> <span class='ocrx_word' id='word_1_14' title='bbox 419 641 546 732; x_wconf 87' lang='lat' dir='ltr'><strong>probari</strong></span> <span class='ocrx_word' id='word_1_15' title='bbox 561 664 625 708; x_wconf 93' lang='lat' dir='ltr'><strong>non</strong></span> <span class='ocrx_word' id='word_1_16' title='bbox 638 650 744 729; x_wconf 89' lang='lat' dir='ltr'><strong>potest</strong></span> <span class='ocrx_word' id='word_1_17' title='bbox 756 640 842 726; x_wconf 89' lang='lat' dir='ltr'><strong>quod</strong></span> <span class='ocrx_word' id='word_1_18' title='bbox 855 640 908 707; x_wconf 87' lang='lat' dir='ltr'><strong>alii</strong></span> <span class='ocrx_word' id='word_1_19' title='bbox 922 639 1120 705; x_wconf 80' lang='lat' dir='ltr'><strong>coniecerunt</strong></span> <span class='ocrx_word' id='word_1_20' title='bbox 1134 632 1360 724; x_wconf 68' lang='grc' dir='ltr'><strong>’ἔγεντ’ἰίθή-</strong></span> 
     </span>
     <span class='ocr_line' id='line_1_4' title="bbox 305 738 1357 832; baseline -0.008 -16"><span class='ocrx_word' id='word_1_21' title='bbox 305 773 390 829; x_wconf 88' lang='grc' dir='ltr'><strong><em>ναις,</em></strong></span> <span class='ocrx_word' id='word_1_22' title='bbox 415 746 502 832; x_wconf 89' lang='lat' dir='ltr'><strong>qnod</strong></span> <span class='ocrx_word' id='word_1_23' title='bbox 523 755 578 811; x_wconf 86' lang='lat' dir='ltr'><strong>aut</strong></span> <span class='ocrx_word' id='word_1_24' title='bbox 601 741 635 811; x_wconf 81' lang='grc' dir='ltr'><strong>ἐν</strong></span> <span class='ocrx_word' id='word_1_25' title='bbox 649 740 805 832; x_wconf 65' lang='grc' dir='ltr'><strong><em>Ἀθήναις</em></strong></span> <span class='ocrx_word' id='word_1_26' title='bbox 826 753 881 810; x_wconf 86' lang='lat' dir='ltr'><strong>aut</strong></span> <span class='ocrx_word' id='word_1_27' title='bbox 895 738 1051 830; x_wconf 62' lang='grc' dir='ltr'><strong><em>Ἀθήνησι</em></strong></span> <span class='ocrx_word' id='word_1_28' title='bbox 1072 740 1241 806; x_wconf 81' lang='lat' dir='ltr'><strong>dicendum</strong></span> <span class='ocrx_word' id='word_1_29' title='bbox 1260 753 1357 808; x_wconf 86' lang='lat' dir='ltr'><strong>erat.</strong></span> 
     </span>
     <span class='ocr_line' id='line_1_5' title="bbox 303 844 1358 940; baseline -0.01 -18"><span class='ocrx_word' id='word_1_30' title='bbox 303 849 478 940; x_wconf 67' lang='grc' dir='ltr'><strong><em>Ἀθηναῖος</em></strong></span> <span class='ocrx_word' id='word_1_31' title='bbox 508 859 593 914; x_wconf 84' lang='lat' dir='ltr'><strong>reete</strong></span> <span class='ocrx_word' id='word_1_32' title='bbox 624 848 687 915; x_wconf 87' lang='lat' dir='ltr'><strong>diei</strong></span> <span class='ocrx_word' id='word_1_33' title='bbox 716 847 891 936; x_wconf 85' lang='lat' dir='ltr'><strong>penultima</strong></span> <span class='ocrx_word' id='word_1_34' title='bbox 920 845 1026 924; x_wconf 86' lang='lat' dir='ltr'><strong>brevi,</strong></span> <span class='ocrx_word' id='word_1_35' title='bbox 1052 844 1253 911; x_wconf 87' lang='lat' dir='ltr'><strong>notissimum</strong></span> <span class='ocrx_word' id='word_1_36' title='bbox 1281 857 1358 912; x_wconf 83' lang='lat' dir='ltr'><strong>est.</strong></span> 
     </span>
     <span class='ocr_line' id='line_1_6' title="bbox 305 944 1357 1037; baseline -0.007 -14"><span class='ocrx_word' id='word_1_37' title='bbox 305 958 412 1026; x_wconf 82' lang='lat' dir='ltr'><strong>Versu</strong></span> <span class='ocrx_word' id='word_1_38' title='bbox 442 960 593 1037; x_wconf 85' lang='lat' dir='ltr'><strong>sequente</strong></span> <span class='ocrx_word' id='word_1_39' title='bbox 624 975 696 1018; x_wconf 83' lang='lat' dir='ltr'><strong>oum</strong></span> <span class='ocrx_word' id='word_1_40' title='bbox 728 950 872 1017; x_wconf 86' lang='lat' dir='ltr'><strong>Bentleio</strong></span> <span class='ocrx_word' id='word_1_41' title='bbox 902 948 1020 1015; x_wconf 89' lang='lat' dir='ltr'><strong>inserui</strong></span> <span class='ocrx_word' id='word_1_42' title='bbox 1054 944 1100 1027; x_wconf 79' lang='grc' dir='ltr'><strong>ὡς</strong></span> <span class='ocrx_word' id='word_1_43' title='bbox 1132 946 1186 1028; x_wconf 87' lang='grc' dir='ltr'><strong>ού,</strong></span> <span class='ocrx_word' id='word_1_44' title='bbox 1223 948 1357 1016; x_wconf 82' lang='lat' dir='ltr'><strong>melius</strong></span> 
     </span>
     <span class='ocr_line' id='line_1_7' title="bbox 306 1049 947 1144; baseline -0.011 -19"><span class='ocrx_word' id='word_1_45' title='bbox 306 1069 412 1125; x_wconf 84' lang='lat' dir='ltr'><strong>tamen</strong></span> <span class='ocrx_word' id='word_1_46' title='bbox 429 1055 588 1144; x_wconf 82' lang='lat' dir='ltr'><strong>Bergkius</strong></span> <span class='ocrx_word' id='word_1_47' title='bbox 608 1055 767 1142; x_wconf 85' lang='lat' dir='ltr'><strong>supplevit</strong></span> <span class='ocrx_word' id='word_1_48' title='bbox 785 1049 872 1120; x_wconf 79' lang='grc' dir='ltr'><strong><em>οὐδέ.</em></strong></span> <span class='ocrx_word' id='word_1_49' title='bbox 943 1087 947 1100; x_wconf 85' lang='grc'><em>·</em></span> 
     </span>
    </p>
   </div>
   <div class='ocr_carea' id='block_1_3' title="bbox 303 1205 1359 2451">
    <p class='ocr_par' dir='ltr' id='par_1_3' title="bbox 520 1205 1111 1399">
     <span class='ocr_line' id='line_1_8' title="bbox 752 1205 896 1262; baseline -0.028 0"><span class='ocrx_word' id='word_1_50' title='bbox 752 1205 802 1262; x_wconf 84' lang='lat' dir='ltr'><strong>Vs.</strong></span> <span class='ocrx_word' id='word_1_51' title='bbox 819 1205 896 1260; x_wconf 76' lang='lat'>1248.</span> 
     </span>
     <span class='ocr_line' id='line_1_9' title="bbox 520 1305 1111 1399; baseline -0.01 -19"><span class='ocrx_word' id='word_1_52' title='bbox 520 1308 630 1381; x_wconf 86' lang='grc' dir='ltr'><strong><em>πολλὰ</em></strong></span> <span class='ocrx_word' id='word_1_53' title='bbox 649 1308 688 1399; x_wconf 81' lang='grc' dir='ltr'><strong>δή</strong></span> <span class='ocrx_word' id='word_1_54' title='bbox 708 1310 936 1396; x_wconf 77' lang='grc' dir='ltr'><strong><em>διεκόμπασας</em></strong></span> <span class='ocrx_word' id='word_1_55' title='bbox 954 1305 994 1376; x_wconf 81' lang='grc' dir='ltr'><strong>οδ</strong></span> <span class='ocrx_word' id='word_1_56' title='bbox 1012 1305 1111 1396; x_wconf 75' lang='grc' dir='ltr'><strong><em>κάγώ.</em></strong></span> 
     </span>
    </p>

    <p class='ocr_par' dir='ltr' id='par_1_4' title="bbox 303 1430 1359 2451">
     <span class='ocr_line' id='line_1_10' title="bbox 369 1430 1356 1519; baseline -0.005 -17"><span class='ocrx_word' id='word_1_57' title='bbox 369 1436 475 1503; x_wconf 85' lang='lat' dir='ltr'><strong>Aoute</strong></span> <span class='ocrx_word' id='word_1_58' title='bbox 494 1435 540 1501; x_wconf 87' lang='lat' dir='ltr'><strong>sio</strong></span> <span class='ocrx_word' id='word_1_59' title='bbox 557 1432 691 1501; x_wconf 85' lang='lat' dir='ltr'><strong>correxit</strong></span> <span class='ocrx_word' id='word_1_60' title='bbox 703 1431 879 1519; x_wconf 85' lang='lat' dir='ltr'><strong>Burgesius</strong></span> <span class='ocrx_word' id='word_1_61' title='bbox 896 1430 1047 1497; x_wconf 89' lang='lat' dir='ltr'><strong>librorum</strong></span> <span class='ocrx_word' id='word_1_62' title='bbox 1065 1430 1252 1516; x_wconf 79' lang='lat' dir='ltr'><strong>scripturam</strong></span> <span class='ocrx_word' id='word_1_63' title='bbox 1272 1430 1356 1497; x_wconf 85' lang='grc' dir='ltr'><strong><em>διε-</em></strong></span> 
     </span>
     <span class='ocr_line' id='line_1_11' title="bbox 304 1532 1353 1626; baseline -0.01 -17"><span class='ocrx_word' id='word_1_64' title='bbox 304 1541 460 1626; x_wconf 84' lang='grc' dir='ltr'><strong><em>κόμισας;</em></strong></span> <span class='ocrx_word' id='word_1_65' title='bbox 495 1559 686 1623; x_wconf 85' lang='lat' dir='ltr'><strong>quumquam</strong></span> <span class='ocrx_word' id='word_1_66' title='bbox 713 1558 811 1621; x_wconf 90' lang='lat' dir='ltr'><strong>quum</strong></span> <span class='ocrx_word' id='word_1_67' title='bbox 837 1532 926 1600; x_wconf 89' lang='lat' dir='ltr'><strong>verbi</strong></span> <span class='ocrx_word' id='word_1_68' title='bbox 953 1533 1189 1619; x_wconf 82' lang='grc' dir='ltr'><strong><em>διακομποίζειν</em></strong></span> <span class='ocrx_word' id='word_1_69' title='bbox 1216 1534 1353 1599; x_wconf 89' lang='lat' dir='ltr'><strong>nullum</strong></span> 
     </span>
     <span class='ocr_line' id='line_1_12' title="bbox 305 1633 1351 1728; baseline -0.008 -18"><span class='ocrx_word' id='word_1_70' title='bbox 305 1641 486 1728; x_wconf 85' lang='lat' dir='ltr'><strong>exemplum</strong></span> <span class='ocrx_word' id='word_1_71' title='bbox 504 1648 602 1718; x_wconf 83' lang='lat' dir='ltr'><strong>extet,</strong></span> <span class='ocrx_word' id='word_1_72' title='bbox 625 1638 724 1705; x_wconf 81' lang='lat' dir='ltr'><strong>malui</strong></span> <span class='ocrx_word' id='word_1_73' title='bbox 740 1659 857 1726; x_wconf 88' lang='lat' dir='ltr'><strong>ponere</strong></span> <span class='ocrx_word' id='word_1_74' title='bbox 875 1634 985 1704; x_wconf 86' lang='grc' dir='ltr'><strong><em>πολλὰ</em></strong></span> <span class='ocrx_word' id='word_1_75' title='bbox 1002 1634 1039 1725; x_wconf 78' lang='grc' dir='ltr'><strong>νὴ</strong></span> <span class='ocrx_word' id='word_1_76' title='bbox 1058 1633 1112 1705; x_wconf 79' lang='grc' dir='ltr'><strong>Δί’</strong></span> <span class='ocrx_word' id='word_1_77' title='bbox 1133 1635 1351 1720; x_wconf 77' lang='grc' dir='ltr'><strong><em>ἐκόμπασας.</em></strong></span> 
     </span>
     <span class='ocr_line' id='line_1_13' title="bbox 304 1737 1359 1828; baseline -0.008 -15"><span class='ocrx_word' id='word_1_78' title='bbox 304 1745 428 1814; x_wconf 73' lang='grc' dir='ltr'><strong>λΓιίίιιω</strong></span> <span class='ocrx_word' id='word_1_79' title='bbox 446 1743 522 1809; x_wconf 88' lang='lat' dir='ltr'><strong>item</strong></span> <span class='ocrx_word' id='word_1_80' title='bbox 539 1742 617 1808; x_wconf 84' lang='lat' dir='ltr'><strong>lutet</strong></span> <span class='ocrx_word' id='word_1_81' title='bbox 633 1742 666 1808; x_wconf 92' lang='lat' dir='ltr'><strong>in</strong></span> <span class='ocrx_word' id='word_1_82' title='bbox 684 1737 785 1828; x_wconf 82' lang='grc' dir='ltr'><strong><em>κᾶγοί,</em></strong></span> <span class='ocrx_word' id='word_1_83' title='bbox 803 1740 890 1827; x_wconf 85' lang='lat' dir='ltr'><strong>quod</strong></span> <span class='ocrx_word' id='word_1_84' title='bbox 902 1762 1005 1826; x_wconf 85' lang='lat' dir='ltr'><strong>neque</strong></span> <span class='ocrx_word' id='word_1_85' title='bbox 1019 1741 1060 1807; x_wconf 88' lang='lat' dir='ltr'><strong>ad</strong></span> <span class='ocrx_word' id='word_1_86' title='bbox 1074 1742 1359 1808; x_wconf 79' lang='lat' dir='ltr'>constructionem</span> 
     </span>
     <span class='ocr_line' id='line_1_14' title="bbox 304 1842 1353 1931; baseline -0.005 -17"><span class='ocrx_word' id='word_1_87' title='bbox 304 1847 473 1914; x_wconf 87' lang='lat' dir='ltr'><strong>verbomm</strong></span> <span class='ocrx_word' id='word_1_88' title='bbox 501 1868 604 1931; x_wconf 90' lang='lat' dir='ltr'><strong>neque</strong></span> <span class='ocrx_word' id='word_1_89' title='bbox 636 1844 677 1910; x_wconf 89' lang='lat' dir='ltr'><strong>ad</strong></span> <span class='ocrx_word' id='word_1_90' title='bbox 708 1846 894 1911; x_wconf 84' lang='lat' dir='ltr'><strong>sententiam</strong></span> <span class='ocrx_word' id='word_1_91' title='bbox 920 1844 1120 1910; x_wconf 84' lang='lat' dir='ltr'><strong>commodum</strong></span> <span class='ocrx_word' id='word_1_92' title='bbox 1146 1853 1205 1910; x_wconf 84' lang='lat' dir='ltr'><strong>est.</strong></span> <span class='ocrx_word' id='word_1_93' title='bbox 1251 1842 1353 1927; x_wconf 82' lang='lat' dir='ltr'><strong>Quid</strong></span> 
     </span>
     <span class='ocr_line' id='line_1_15' title="bbox 305 1946 1352 2033; baseline -0.004 -17"><span class='ocrx_word' id='word_1_94' title='bbox 305 1951 390 2017; x_wconf 88' lang='lat' dir='ltr'><strong>enim</strong></span> <span class='ocrx_word' id='word_1_95' title='bbox 416 1970 531 2015; x_wconf 83' lang='lat' dir='ltr'><strong>causae</strong></span> <span class='ocrx_word' id='word_1_96' title='bbox 550 1947 699 2026; x_wconf 58' lang='lat' dir='ltr'><strong>,habebat</strong></span> <span class='ocrx_word' id='word_1_97' title='bbox 726 1946 901 2026; x_wconf 64' lang='lat' dir='ltr'><strong>Philoclem</strong></span> <span class='ocrx_word' id='word_1_98' title='bbox 933 1958 969 2013; x_wconf 91' lang='lat' dir='ltr'><strong>ut</strong></span> <span class='ocrx_word' id='word_1_99' title='bbox 999 1948 1068 2033; x_wconf 85' lang='lat' dir='ltr'><strong>ipse</strong></span> <span class='ocrx_word' id='word_1_100' title='bbox 1099 1946 1160 2013; x_wconf 90' lang='lat' dir='ltr'><strong>sibi</strong></span> <span class='ocrx_word' id='word_1_101' title='bbox 1191 1947 1352 2012; x_wconf 83' lang='lat' dir='ltr'><strong>iniuriam</strong></span> 
     </span>
     <span class='ocr_line' id='line_1_16' title="bbox 305 2050 1350 2136; baseline -0.003 -17"><span class='ocrx_word' id='word_1_102' title='bbox 305 2053 424 2119; x_wconf 83' lang='lat' dir='ltr'><strong>faceret</strong></span> <span class='ocrx_word' id='word_1_103' title='bbox 446 2061 478 2118; x_wconf 91' lang='lat' dir='ltr'><strong>et</strong></span> <span class='ocrx_word' id='word_1_104' title='bbox 494 2050 648 2118; x_wconf 78' lang='lat' dir='ltr'><strong>Aeschini</strong></span> <span class='ocrx_word' id='word_1_105' title='bbox 670 2074 753 2116; x_wconf 86' lang='lat' dir='ltr'><strong>vano</strong></span> <span class='ocrx_word' id='word_1_106' title='bbox 775 2051 918 2117; x_wconf 86' lang='lat' dir='ltr'><strong>iactatori</strong></span> <span class='ocrx_word' id='word_1_107' title='bbox 940 2073 975 2117; x_wconf 89' lang='lat' dir='ltr'><strong>se</strong></span> <span class='ocrx_word' id='word_1_108' title='bbox 997 2050 1211 2136; x_wconf 80' lang='lat' dir='ltr'><strong>compararet?</strong></span> <span class='ocrx_word' id='word_1_109' title='bbox 1257 2050 1350 2116; x_wconf 79' lang='lat' dir='ltr'><strong>Eam</strong></span> 
     </span>
     <span class='ocr_line' id='line_1_17' title="bbox 304 2151 1349 2241; baseline -0.006 -18"><span class='ocrx_word' id='word_1_110' title='bbox 304 2155 345 2224; x_wconf 94' lang='lat' dir='ltr'><strong>ob</strong></span> <span class='ocrx_word' id='word_1_111' title='bbox 364 2177 493 2222; x_wconf 86' lang='lat' dir='ltr'><strong>eausam</strong></span> <span class='ocrx_word' id='word_1_112' title='bbox 511 2153 586 2219; x_wconf 91' lang='lat' dir='ltr'><strong>olim</strong></span> <span class='ocrx_word' id='word_1_113' title='bbox 604 2177 664 2241; x_wconf 82' lang='lat' dir='ltr'><strong>ego</strong></span> <span class='ocrx_word' id='word_1_114' title='bbox 682 2151 719 2241; x_wconf 80' lang='grc' dir='ltr'><strong>νὴ</strong></span> <span class='ocrx_word' id='word_1_115' title='bbox 735 2159 801 2220; x_wconf 84' lang='grc' dir='ltr'><strong>Δία</strong></span> <span class='ocrx_word' id='word_1_116' title='bbox 818 2152 995 2237; x_wconf 82' lang='grc' dir='ltr'><strong><em>κομπάοας</em></strong></span> <span class='ocrx_word' id='word_1_117' title='bbox 1013 2151 1118 2232; x_wconf 81' lang='grc' dir='ltr'><em>ἑάλως</em></span> <span class='ocrx_word' id='word_1_118' title='bbox 1136 2152 1349 2219; x_wconf 86' lang='lat' dir='ltr'><strong>scribendum</strong></span> 
     </span>
     <span class='ocr_line' id='line_1_18' title="bbox 304 2254 1349 2347; baseline -0.005 -22"><span class='ocrx_word' id='word_1_119' title='bbox 304 2258 469 2347; x_wconf 86' lang='lat' dir='ltr'><strong>putabam,</strong></span> <span class='ocrx_word' id='word_1_120' title='bbox 500 2279 585 2322; x_wconf 85' lang='lat' dir='ltr'><strong>nune</strong></span> <span class='ocrx_word' id='word_1_121' title='bbox 615 2267 688 2343; x_wconf 88' lang='lat' dir='ltr'><strong>post</strong></span> <span class='ocrx_word' id='word_1_122' title='bbox 713 2254 753 2324; x_wconf 85' lang='grc' dir='ltr'><strong>σὺ</strong></span> <span class='ocrx_word' id='word_1_123' title='bbox 779 2256 980 2323; x_wconf 87' lang='lat' dir='ltr'><strong>incidendum</strong></span> <span class='ocrx_word' id='word_1_124' title='bbox 1008 2256 1168 2332; x_wconf 85' lang='lat' dir='ltr'><strong>existimo,</strong></span> <span class='ocrx_word' id='word_1_125' title='bbox 1199 2256 1349 2322; x_wconf 85' lang='lat' dir='ltr'><strong>indicata</strong></span> 
     </span>
     <span class='ocr_line' id='line_1_19' title="bbox 303 2358 867 2451; baseline -0.012 -20"><span class='ocrx_word' id='word_1_126' title='bbox 303 2374 376 2451; x_wconf 84' lang='lat' dir='ltr'><strong>post</strong></span> <span class='ocrx_word' id='word_1_127' title='bbox 394 2358 483 2449; x_wconf 80' lang='grc' dir='ltr'><strong>κάγώ</strong></span> <span class='ocrx_word' id='word_1_128' title='bbox 503 2361 596 2426; x_wconf 91' lang='lat' dir='ltr'><strong>unius</strong></span> <span class='ocrx_word' id='word_1_129' title='bbox 614 2382 726 2426; x_wconf 84' lang='lat' dir='ltr'><strong>versus</strong></span> <span class='ocrx_word' id='word_1_130' title='bbox 744 2360 867 2426; x_wconf 84' lang='lat' dir='ltr'><strong>lacuna.</strong></span> 
     </span>
    </p>
   </div>
   <div class='ocr_carea' id='block_1_4' title="bbox 301 2512 1349 3651">
    <p class='ocr_par' dir='ltr' id='par_1_5' title="bbox 476 2512 1243 2808">
     <span class='ocr_line' id='line_1_20' title="bbox 746 2512 891 2569; baseline -0.021 0"><span class='ocrx_word' id='word_1_131' title='bbox 746 2512 796 2569; x_wconf 84' lang='lat' dir='ltr'><strong>Vs.</strong></span> <span class='ocrx_word' id='word_1_132' title='bbox 814 2512 891 2567; x_wconf 79' lang='lat'>1305.</span> 
     </span>
     <span class='ocr_line' id='line_1_21' title="bbox 476 2613 1243 2704; baseline 0.001 -22"><span class='ocrx_word' id='word_1_133' title='bbox 476 2613 590 2703; x_wconf 76' lang='grc' dir='ltr'><strong><em>ὥσπερ</em></strong></span> <span class='ocrx_word' id='word_1_134' title='bbox 608 2617 755 2701; x_wconf 75' lang='grc' dir='ltr'><strong><em>καχρύων</em></strong></span> <span class='ocrx_word' id='word_1_135' title='bbox 774 2613 897 2684; x_wconf 77' lang='grc' dir='ltr'><strong><em>ὀνίδιον</em></strong></span> <span class='ocrx_word' id='word_1_136' title='bbox 916 2613 1118 2704; x_wconf 76' lang='grc' dir='ltr'><strong><em>εὐωχημένον</em></strong></span> <span class='ocrx_word' id='word_1_137' title='bbox 1241 2693 1243 2696; x_wconf 12' lang='lat' dir='ltr'>v</span> 
     </span>
     <span class='ocr_line' id='line_1_22' title="bbox 476 2715 1142 2808; baseline 0 -22"><span class='ocrx_word' id='word_1_138' title='bbox 476 2715 614 2807; x_wconf 78' lang='grc' dir='ltr'><strong><em>ἐνήλλετ’</em></strong></span> <span class='ocrx_word' id='word_1_139' title='bbox 631 2717 764 2807; x_wconf 77' lang='grc' dir='ltr'><strong><em>ἐσκίρτα</em></strong></span> <span class='ocrx_word' id='word_1_140' title='bbox 778 2716 959 2808; x_wconf 74' lang='grc' dir='ltr'><strong><em>’πεπόρδει</em></strong></span> <span class='ocrx_word' id='word_1_141' title='bbox 976 2722 1142 2807; x_wconf 87' lang='grc' dir='ltr'><strong><em>κατεγέλα.</em></strong></span> 
     </span>
    </p>

    <p class='ocr_par' dir='ltr' id='par_1_6' title="bbox 301 2836 1349 3651">
     <span class='ocr_line' id='line_1_23' title="bbox 370 2836 1346 2927; baseline 0 -23"><span class='ocrx_word' id='word_1_142' title='bbox 370 2836 425 2905; x_wconf 82' lang='lat' dir='ltr'><strong>Sic</strong></span> <span class='ocrx_word' id='word_1_143' title='bbox 447 2839 626 2925; x_wconf 80' lang='lat' dir='ltr'><strong>transposui</strong></span> <span class='ocrx_word' id='word_1_144' title='bbox 648 2838 706 2905; x_wconf 91' lang='lat' dir='ltr'><strong>hos</strong></span> <span class='ocrx_word' id='word_1_145' title='bbox 730 2862 857 2919; x_wconf 86' lang='lat' dir='ltr'><strong>versus,</strong></span> <span class='ocrx_word' id='word_1_146' title='bbox 883 2841 938 2925; x_wconf 90' lang='lat' dir='ltr'><strong>qui</strong></span> <span class='ocrx_word' id='word_1_147' title='bbox 960 2841 1057 2927; x_wconf 83' lang='lat' dir='ltr'><strong>vulgo</strong></span> <span class='ocrx_word' id='word_1_148' title='bbox 1080 2841 1206 2906; x_wconf 85' lang='lat' dir='ltr'><strong>inverso</strong></span> <span class='ocrx_word' id='word_1_149' title='bbox 1228 2839 1346 2905; x_wconf 85' lang='lat' dir='ltr'><strong>ordine</strong></span> 
     </span>
     <span class='ocr_line' id='line_1_24' title="bbox 303 2941 1345 3029; baseline 0.004 -23"><span class='ocrx_word' id='word_1_150' title='bbox 303 2941 469 3028; x_wconf 80' lang='lat' dir='ltr'><strong>leguntur,</strong></span> <span class='ocrx_word' id='word_1_151' title='bbox 509 2942 658 3027; x_wconf 89' lang='lat' dir='ltr'><strong>quoniam</strong></span> <span class='ocrx_word' id='word_1_152' title='bbox 697 2942 814 3008; x_wconf 84' lang='lat' dir='ltr'><strong>asellus</strong></span> <span class='ocrx_word' id='word_1_153' title='bbox 852 2943 959 3029; x_wconf 87' lang='lat' dir='ltr'><strong>inepte</strong></span> <span class='ocrx_word' id='word_1_154' title='bbox 998 2943 1113 3010; x_wconf 86' lang='lat' dir='ltr'><strong>dicitur</strong></span> <span class='ocrx_word' id='word_1_155' title='bbox 1146 2944 1345 3029; x_wconf 82' lang='grc' dir='ltr'><strong><em>καταγελᾶν.</em></strong></span> 
     </span>
     <span class='ocr_line' id='line_1_25' title="bbox 304 3043 1345 3132; baseline 0 -23"><span class='ocrx_word' id='word_1_156' title='bbox 304 3043 402 3109; x_wconf 84' lang='lat' dir='ltr'><strong>Tueri</strong></span> <span class='ocrx_word' id='word_1_157' title='bbox 419 3055 525 3110; x_wconf 87' lang='lat' dir='ltr'><strong>tamen</strong></span> <span class='ocrx_word' id='word_1_158' title='bbox 541 3044 647 3130; x_wconf 87' lang='lat' dir='ltr'><strong>possis</strong></span> <span class='ocrx_word' id='word_1_159' title='bbox 664 3045 829 3132; x_wconf 83' lang='lat' dir='ltr'><strong>vulgatum</strong></span> <span class='ocrx_word' id='word_1_160' title='bbox 847 3045 1016 3112; x_wconf 87' lang='lat' dir='ltr'><strong>verborum</strong></span> <span class='ocrx_word' id='word_1_161' title='bbox 1034 3048 1177 3113; x_wconf 83' lang='lat' dir='ltr'><strong>ordinem</strong></span> <span class='ocrx_word' id='word_1_162' title='bbox 1193 3067 1241 3111; x_wconf 85' lang='lat' dir='ltr'><strong>vs.</strong></span> <span class='ocrx_word' id='word_1_163' title='bbox 1264 3046 1345 3112; x_wconf 81' lang='lat'>130.</span> 
     </span>
     <span class='ocr_line' id='line_1_26' title="bbox 301 3141 1347 3236; baseline 0.001 -24"><span class='ocrx_word' id='word_1_164' title='bbox 301 3144 322 3212; x_wconf 79' lang='lat' dir='ltr'><strong>ii</strong></span> <span class='ocrx_word' id='word_1_165' title='bbox 342 3141 373 3212; x_wconf 84' lang='grc' dir='ltr'><strong>δ’</strong></span> <span class='ocrx_word' id='word_1_166' title='bbox 392 3142 537 3234; x_wconf 81' lang='grc' dir='ltr'><strong><em>ὡσπερεί</em></strong></span> <span class='ocrx_word' id='word_1_167' title='bbox 555 3143 685 3226; x_wconf 85' lang='grc' dir='ltr'><strong><em>κολοιὸς</em></strong></span> <span class='ocrx_word' id='word_1_168' title='bbox 703 3143 794 3234; x_wconf 75' lang='grc' dir='ltr'><strong><em>αὑτῷ</em></strong></span> <span class='ocrx_word' id='word_1_169' title='bbox 812 3148 1002 3228; x_wconf 81' lang='grc' dir='ltr'><strong><em>παττάλους</em></strong></span> <span class='ocrx_word' id='word_1_170' title='bbox 1022 3148 1027 3236; x_wconf 81' lang='grc' dir='ltr'>Ι</span> <span class='ocrx_word' id='word_1_171' title='bbox 1047 3147 1211 3236; x_wconf 76' lang='grc' dir='ltr'><strong><em>ἐνέκρουεν</em></strong></span> <span class='ocrx_word' id='word_1_172' title='bbox 1230 3146 1264 3227; x_wconf 85' lang='grc' dir='ltr'><strong>ἐς</strong></span> <span class='ocrx_word' id='word_1_173' title='bbox 1282 3147 1347 3215; x_wconf 88' lang='grc' dir='ltr'><strong>τὸν</strong></span> 
     </span>
     <span class='ocr_line' id='line_1_27' title="bbox 302 3244 1347 3339; baseline 0.003 -25"><span class='ocrx_word' id='word_1_174' title='bbox 302 3260 427 3331; x_wconf 90' lang='grc' dir='ltr'><strong><em>τοῖχον,</em></strong></span> <span class='ocrx_word' id='word_1_175' title='bbox 455 3244 512 3315; x_wconf 81' lang='grc' dir='ltr'><strong><em>εἶτ’</em></strong></span> <span class='ocrx_word' id='word_1_176' title='bbox 533 3247 698 3336; x_wconf 86' lang='grc' dir='ltr'><strong><em>ἐξήλλετο,</em></strong></span> <span class='ocrx_word' id='word_1_177' title='bbox 727 3249 782 3316; x_wconf 92' lang='lat' dir='ltr'><strong>ubi</strong></span> <span class='ocrx_word' id='word_1_178' title='bbox 805 3253 997 3338; x_wconf 86' lang='lat' dir='ltr'><strong>comparatio</strong></span> <span class='ocrx_word' id='word_1_179' title='bbox 1024 3275 1097 3319; x_wconf 87' lang='lat' dir='ltr'><strong>oum</strong></span> <span class='ocrx_word' id='word_1_180' title='bbox 1119 3251 1249 3339; x_wconf 83' lang='lat' dir='ltr'><strong>graculo</strong></span> <span class='ocrx_word' id='word_1_181' title='bbox 1275 3275 1347 3317; x_wconf 91' lang='lat' dir='ltr'><strong>non</strong></span> 
     </span>
     <span class='ocr_line' id='line_1_28' title="bbox 302 3351 1349 3441; baseline 0.003 -25"><span class='ocrx_word' id='word_1_182' title='bbox 302 3352 364 3417; x_wconf 87' lang='lat' dir='ltr'><strong>nisi</strong></span> <span class='ocrx_word' id='word_1_183' title='bbox 381 3375 419 3418; x_wconf 88' lang='lat' dir='ltr'><strong>eo</strong></span> <span class='ocrx_word' id='word_1_184' title='bbox 437 3362 568 3439; x_wconf 81' lang='lat' dir='ltr'><strong>spectat,</strong></span> <span class='ocrx_word' id='word_1_185' title='bbox 587 3351 673 3436; x_wconf 89' lang='lat' dir='ltr'><strong>quod</strong></span> <span class='ocrx_word' id='word_1_186' title='bbox 685 3351 849 3419; x_wconf 89' lang='lat' dir='ltr'><strong>Philoeleo</strong></span> <span class='ocrx_word' id='word_1_187' title='bbox 866 3376 923 3441; x_wconf 88' lang='lat' dir='ltr'><strong>per</strong></span> <span class='ocrx_word' id='word_1_188' title='bbox 939 3356 1057 3441; x_wconf 83' lang='lat' dir='ltr'><strong>gradus</strong></span> <span class='ocrx_word' id='word_1_189' title='bbox 1075 3356 1109 3420; x_wconf 93' lang='lat' dir='ltr'><strong>in</strong></span> <span class='ocrx_word' id='word_1_190' title='bbox 1127 3378 1219 3421; x_wconf 87' lang='lat' dir='ltr'><strong>muro</strong></span> <span class='ocrx_word' id='word_1_191' title='bbox 1236 3353 1349 3420; x_wconf 84' lang='lat' dir='ltr'><strong>exsilit</strong></span> 
     </span>
     <span class='ocr_line' id='line_1_29' title="bbox 302 3453 1348 3545; baseline 0.005 -27"><span class='ocrx_word' id='word_1_192' title='bbox 302 3464 452 3539; x_wconf 83' lang='lat' dir='ltr'><strong>tanquam</strong></span> <span class='ocrx_word' id='word_1_193' title='bbox 469 3454 627 3541; x_wconf 74' lang='lat' dir='ltr'><strong>gnauulus.</strong></span> <span class='ocrx_word' id='word_1_194' title='bbox 667 3453 732 3520; x_wconf 88' lang='lat' dir='ltr'><strong>Pro</strong></span> <span class='ocrx_word' id='word_1_195' title='bbox 749 3458 904 3542; x_wconf 74' lang='grc' dir='ltr'><strong><em>κατεγέλα</em></strong></span> <span class='ocrx_word' id='word_1_196' title='bbox 921 3457 1108 3525; x_wconf 77' lang='lat' dir='ltr'><strong>Dindorfius</strong></span> <span class='ocrx_word' id='word_1_197' title='bbox 1126 3453 1248 3545; x_wconf 81' lang='grc' dir='ltr'><strong><em>κᾶγέλα</em></strong></span> <span class='ocrx_word' id='word_1_198' title='bbox 1266 3479 1348 3523; x_wconf 85' lang='lat' dir='ltr'><strong>oon·</strong></span> 
     </span>
     <span class='ocr_line' id='line_1_30' title="bbox 301 3555 1347 3651; baseline 0.007 -33"><span class='ocrx_word' id='word_1_199' title='bbox 301 3555 383 3632; x_wconf 86' lang='lat' dir='ltr'><strong>ieoit,</strong></span> <span class='ocrx_word' id='word_1_200' title='bbox 402 3557 538 3622; x_wconf 83' lang='lat' dir='ltr'><strong>fortasse</strong></span> <span class='ocrx_word' id='word_1_201' title='bbox 554 3566 682 3642; x_wconf 87' lang='lat' dir='ltr'><strong>propter</strong></span> <span class='ocrx_word' id='word_1_202' title='bbox 698 3556 776 3623; x_wconf 84' lang='lat' dir='ltr'><strong>Pae.</strong></span> <span class='ocrx_word' id='word_1_203' title='bbox 791 3558 866 3625; x_wconf 83' lang='lat'><strong>335.</strong></span> <span class='ocrx_word' id='word_1_204' title='bbox 889 3564 1017 3646; x_wconf 75' lang='grc' dir='ltr'><strong><em>γέγηθα</em></strong></span> <span class='ocrx_word' id='word_1_205' title='bbox 1034 3562 1091 3627; x_wconf 88' lang='grc' dir='ltr'><strong>καὶ</strong></span> <span class='ocrx_word' id='word_1_206' title='bbox 1107 3561 1267 3651; x_wconf 79' lang='grc' dir='ltr'><strong><em>πέπορδα</em></strong></span> <span class='ocrx_word' id='word_1_207' title='bbox 1284 3563 1347 3626; x_wconf 85' lang='grc' dir='ltr'><strong>καὶ</strong></span> 
     </span>
    </p>
   </div>
   <div class='ocr_carea' id='block_1_5' title="bbox 301 3657 1345 3847">
    <p class='ocr_par' dir='ltr' id='par_1_7' title="bbox 301 3657 1345 3847">
     <span class='ocr_line' id='line_1_31' title="bbox 301 3657 1345 3750; baseline 0.012 -32"><span class='ocrx_word' id='word_1_208' title='bbox 301 3657 396 3738; x_wconf 84' lang='grc' dir='ltr'><strong><em>γελῶ.</em></strong></span> <span class='ocrx_word' id='word_1_209' title='bbox 440 3658 614 3724; x_wconf 87' lang='lat' dir='ltr'><strong>Probarem</strong></span> <span class='ocrx_word' id='word_1_210' title='bbox 637 3660 664 3725; x_wconf 91' lang='lat' dir='ltr'><strong>si</strong></span> <span class='ocrx_word' id='word_1_211' title='bbox 691 3660 786 3725; x_wconf 90' lang='lat' dir='ltr'><strong>etiam</strong></span> <span class='ocrx_word' id='word_1_212' title='bbox 812 3661 917 3728; x_wconf 86' lang='lat' dir='ltr'><strong>verbis</strong></span> <span class='ocrx_word' id='word_1_213' title='bbox 945 3660 1077 3750; x_wconf 77' lang='grc' dir='ltr'><strong><em>ἐσκίρτα</em></strong></span> <span class='ocrx_word' id='word_1_214' title='bbox 1100 3674 1132 3730; x_wconf 90' lang='lat' dir='ltr'><strong>et</strong></span> <span class='ocrx_word' id='word_1_215' title='bbox 1153 3661 1345 3750; x_wconf 83' lang='grc' dir='ltr'><strong><em>ἐπεπόρδει</em></strong></span> 
     </span>
     <span class='ocr_line' id='line_1_32' title="bbox 301 3757 791 3847; baseline 0.018 -29"><span class='ocrx_word' id='word_1_216' title='bbox 301 3757 475 3838; x_wconf 86' lang='lat' dir='ltr'><strong>praemissa</strong></span> <span class='ocrx_word' id='word_1_217' title='bbox 493 3772 577 3826; x_wconf 87' lang='lat' dir='ltr'><strong>esset</strong></span> <span class='ocrx_word' id='word_1_218' title='bbox 595 3761 708 3847; x_wconf 83' lang='lat' dir='ltr'><strong>copula</strong></span> <span class='ocrx_word' id='word_1_219' title='bbox 726 3767 791 3827; x_wconf 88' lang='grc' dir='ltr'><strong><em>καί.</em></strong></span> 
     </span>
    </p>
   </div>
   <div class='ocr_carea' id='block_1_6' title="bbox 302 3912 1343 4315">
    <p class='ocr_par' dir='ltr' id='par_1_8' title="bbox 688 3912 946 3970">
     <span class='ocr_line' id='line_1_33' title="bbox 688 3912 946 3970; baseline 0.004 -1"><span class='ocrx_word' id='word_1_220' title='bbox 688 3912 738 3969; x_wconf 86' lang='lat' dir='ltr'><strong>Vs.</strong></span> <span class='ocrx_word' id='word_1_221' title='bbox 757 3913 946 3970; x_wconf 81' lang='lat'>1335-1363.</span> 
     </span>
    </p>

    <p class='ocr_par' dir='ltr' id='par_1_9' title="bbox 302 4011 1343 4315">
     <span class='ocr_line' id='line_1_34' title="bbox 666 4011 950 4104; baseline 0.014 -23"><span class='ocrx_word' id='word_1_222' title='bbox 666 4011 787 4104; x_wconf 75' lang='grc' dir='ltr'><strong><em>ἀρχαῖοί</em></strong></span> <span class='ocrx_word' id='word_1_223' title='bbox 805 4015 832 4104; x_wconf 79' lang='grc' dir='ltr'><strong>γ’</strong></span> <span class='ocrx_word' id='word_1_224' title='bbox 848 4016 950 4101; x_wconf 75' lang='grc' dir='ltr'><strong><em>ὑμῶν.</em></strong></span> 
     </span>
     <span class='ocr_line' id='line_1_35' title="bbox 366 4122 1343 4222; baseline 0.023 -35"><span class='ocrx_word' id='word_1_225' title='bbox 366 4122 438 4188; x_wconf 86' lang='lat' dir='ltr'><strong>Non</strong></span> <span class='ocrx_word' id='word_1_226' title='bbox 457 4129 550 4195; x_wconf 82' lang='lat' dir='ltr'><strong>oredo</strong></span> <span class='ocrx_word' id='word_1_227' title='bbox 567 4137 780 4216; x_wconf 86' lang='lat' dir='ltr'><strong>necessarium</strong></span> <span class='ocrx_word' id='word_1_228' title='bbox 795 4160 866 4203; x_wconf 86' lang='lat' dir='ltr'><strong>esse</strong></span> <span class='ocrx_word' id='word_1_229' title='bbox 879 4140 966 4222; x_wconf 91' lang='lat' dir='ltr'><strong>quod</strong></span> <span class='ocrx_word' id='word_1_230' title='bbox 978 4140 1184 4208; x_wconf 87' lang='lat' dir='ltr'><strong>Hermannus</strong></span> <span class='ocrx_word' id='word_1_231' title='bbox 1200 4144 1343 4211; x_wconf 85' lang='lat' dir='ltr'><strong>malebat</strong></span> 
     </span>
     <span class='ocr_line' id='line_1_36' title="bbox 302 4219 1343 4315; baseline 0.023 -26"><span class='ocrx_word' id='word_1_232' title='bbox 302 4219 444 4308; x_wconf 80' lang='grc' dir='ltr'><strong><em>τᾶρχαῐά</em></strong></span> <span class='ocrx_word' id='word_1_233' title='bbox 470 4224 501 4314; x_wconf 79' lang='grc' dir='ltr'><strong>γ’</strong></span> <span class='ocrx_word' id='word_1_234' title='bbox 521 4227 622 4315; x_wconf 78' lang='grc' dir='ltr'><strong><em>ὑμῶν.</em></strong></span> <span class='ocrx_word' id='word_1_235' title='bbox 669 4233 822 4304; x_wconf 86' lang='lat' dir='ltr'><strong>Similiter</strong></span> <span class='ocrx_word' id='word_1_236' title='bbox 843 4264 901 4307; x_wconf 88' lang='lat' dir='ltr'><strong>nos</strong></span> <span class='ocrx_word' id='word_1_237' title='bbox 924 4243 1029 4310; x_wconf 83' lang='lat' dir='ltr'><strong>dicere</strong></span> <span class='ocrx_word' id='word_1_238' title='bbox 1052 4246 1191 4312; x_wconf 88' lang='lat' dir='ltr'><strong>solemus</strong></span> <span class='ocrx_word' id='word_1_239' title='bbox 1215 4247 1343 4313; x_wconf 86' lang='lat' dir='ltr'><strong>dumm</strong></span> 
     </span>
    </p>
   </div>
   <div class='ocr_carea' id='block_1_7' title="bbox 0 0 1434 4909">
    <p class='ocr_par' dir='ltr' id='par_1_10' title="bbox 0 0 1434 4909">
     <span class='ocr_line' id='line_1_37' title="bbox 0 0 1434 4909; baseline 0 2"><span class='ocrx_word' id='word_1_240' title='bbox 0 0 1434 4909; x_wconf 95' lang='lat' dir='ltr'><strong> </strong></span> 
     </span>
    </p>
   </div>
  </div>
 </body>
</html>
