2859 4909
772 401 895 460 Avus,

761 574 812 632 Vs.
830 575 907 630 1253.

468 696 509 767 σὺ
529 694 560 766 δ’
578 698 612 765 εἴ
625 722 667 782 με
684 697 844 786 λυπήσεις
860 725 908 778 τι,
926 704 986 786 τῆς
1004 697 1156 766 διακόνου
1226 688 1229 694 ’

468 801 604 889 πρώτης
622 798 793 881 ἀνατείνας
809 799 858 869 τὼ
877 803 972 890 σκέλη
992 802 1157 892 διαμηριῶ

471 901 529 992 τὴν
541 894 617 993 τΙριν
636 900 746 992 αὐτήν.

382 1044 485 1110 Miror
501 1043 581 1109 haec
597 1042 675 1109 nulli
692 1042 872 1109 criticorum
889 1044 958 1109 vitii
974 1043 1075 1111 fuisse
1094 1055 1258 1132 suspecta3
1276 1046 1346 1130 quid
1409 1053 1410 1134 ]

318 1149 403 1214 enim
421 1158 479 1227 est,
497 1147 584 1232 quod
601 1146 738 1212 famulae
757 1147 900 1214 cruribus
919 1146 1051 1215 sublatis
1070 1171 1105 1215 sc
1118 1149 1186 1214 Irin
1202 1150 1346 1216 initurum
1407 1229 1410 1244 ρ

319 1251 499 1339 profitetur?
526 1250 613 1336 atqui
639 1272 766 1316 crurum
792 1247 951 1330 άνάτοοις
977 1274 1041 1317 non
1067 1262 1172 1337 potest
1198 1275 1256 1339 pro
1280 1254 1344 1339 ipso

318 1355 404 1421 coitu
433 1355 518 1421 diota
549 1376 635 1432 esse3
670 1354 777 1439 itaque
809 1377 920 1421 vereor
948 1377 988 1420 ne
1020 1355 1112 1421 tertio
1138 1378 1234 1422 versu
1259 1366 1345 1442 poeta

320 1458 481 1545 scripserit
511 1452 572 1525 εἶτ’
590 1446 666 1546 ςΙριν
696 1452 815 1539 odaia,
852 1468 887 1523 ut
918 1457 1084 1548 διαμηριῶ
1115 1459 1156 1525 ad
1187 1469 1344 1545 utramque

318 1562 482 1648 pertineat.

761 1764 812 1821 Vs.
831 1765 907 1820 1265.

489 1886 574 1974 μηδέ
590 1882 648 1955 τιν’
666 1886 842 1974 ἱερόθυτον
860 1883 922 1954 άνδι
941 1887 1087 1956 δάπεδον
1105 1889 1154 1958 ἔτι

489 1990 568 2078 τῇδε
584 1994 712 2076 βροτῶν
730 1996 846 2058 θεοῖσι
864 1995 1008 2076 πέμπειν
1026 1992 1161 2061 καπνόν.

298 2161 304 2172 ·
385 2125 534 2193 Secundo
557 2126 704 2194 dochmio
725 2151 790 2194 una
812 2128 936 2217 syllaba
957 2130 1046 2196 deest
1068 2131 1109 2197 ad
1130 2132 1342 2220 integritatem,
1409 2115 1410 2122 λ

319 2252 422 2316 neque
445 2252 484 2296 ea
504 2230 600 2318 longe
622 2232 816 2316 quaerenda,
841 2232 994 2319 siquidem
1018 2235 1052 2299 in
1069 2244 1135 2300 tota
1152 2258 1268 2322 graeca
1283 2256 1343 2301 ora·

319 2334 403 2400 tione
429 2358 493 2412 una
519 2343 641 2400 tantum
669 2335 782 2401 vocula
808 2346 869 2415 est,
897 2360 961 2421 qua
981 2337 1034 2405 hic
1055 2340 1222 2405 commode
1242 2338 1340 2404 utaris.
1409 2327 1410 2332 ἵ

321 2435 532 2503 Scribendum
551 2437 649 2503 enim:

435 2575 519 2662 μηδέ
536 2570 593 2642 τιν’
612 2573 786 2663 ἱερόθυτον
805 2571 867 2643 άνὰ
886 2576 1032 2646 δάπεδον
1050 2575 1090 2647 dv
1109 2578 1157 2647 iat
1175 2617 1221 2629 —-

320 2710 425 2795 Quam
448 2712 635 2799 particulam
659 2735 716 2778 suo
739 2713 792 2779 hio
811 2714 881 2781 loco
902 2717 1040 2802 positam
1063 2740 1133 2784 esse
1151 2718 1246 2785 facile
1261 2716 1341 2783 intel·

319 2816 410 2902 liges,
429 2815 457 2881 si
474 2815 647 2881 orationem
664 2816 816 2883 directam
834 2816 1009 2888 substituas
1028 2816 1136 2900 οὐδεὶς
1154 2818 1194 2889 άν
1214 2820 1341 2909 ε’τιβρο-
1409 2859 1410 2866 1

318 2923 384 2984 τῶν
406 2921 546 3001 πέμποι.
591 2919 736 2986 Eandem
758 2921 945 3008 particulam
967 2924 1061 2989 etiam
1082 2925 1116 2990 in
1138 2926 1237 2992 altero
1258 2945 1341 2990 versu
1409 2917 1410 2960 ἶ

320 3021 497 3108 complures
520 3021 612 3088 codd.
630 3023 726 3108 inque
747 3024 797 3091 his
815 3027 1105 3111 praestantissimus
1122 3028 1207 3095 Ven.
1225 3027 1338 3105 habent

320 3129 465 3209 πέμπειν
488 3121 527 3193 άν
548 3126 688 3207 καπνόν,
711 3149 775 3212 qua
792 3151 827 3193 re
847 3129 893 3193 ita
914 3130 961 3196 uti
982 3130 1103 3211 licebit,
1126 3141 1162 3198 ut
1183 3138 1294 3199 θεοῖσι
1312 3130 1341 3193 in

320 3234 419 3309 θεοῖς
444 3238 563 3295 mutato
590 3251 661 3296 eam
686 3230 761 3296 huic
786 3232 894 3297 versui
919 3234 1054 3300 formam
1080 3235 1263 3315 reddamus,
1296 3230 1341 3298 cui
1409 3307 1410 3310 Ἴ

319 3334 504 3421 planissime
534 3333 723 3420 respondeat
752 3356 863 3401 versus
890 3337 1091 3404 antitheticus
1121 3339 1215 3407 1195.
1241 3336 1286 3425 μή
1309 3357 1340 3402 οε

320 3437 411 3526 λάθῃ
434 3441 525 3504 θεῶν
545 3461 598 3517 τις
618 3435 722 3524 ταύτῃ
745 3443 869 3527 περῶν,
898 3439 954 3505 ubi
982 3441 1010 3506 si
1036 3451 1199 3527 praeterea
1225 3443 1338 3508 inverso

319 3541 488 3607 verborum
510 3541 618 3606 ordine
641 3540 761 3606 scribas
783 3541 885 3630 ταύτῃ
907 3568 972 3622 τις,
999 3543 1132 3611 habebis
1158 3568 1267 3612 versus
1292 3565 1339 3608 ex·

320 3644 479 3710 actissime
497 3642 558 3710 sibi
575 3644 816 3729 respondentes,
835 3646 868 3710 in
887 3648 1028 3733 stropha:

465 3776 548 3867 άέρα
564 3783 793 3871 περινέφελον,
814 3780 851 3848 ὃν
869 3780 982 3869 ’ἔρεβος
999 3782 1135 3866 ἐτέκετο,

464 3883 511 3970 μή
529 3907 567 3950 σε
583 3884 674 3973 λάθῃ
692 3891 785 3953 θεῶν
802 3886 905 3975 ταύτῃ
923 3913 974 3968 τις
992 3895 1112 3979 περῶν,

319 4031 351 4087 et
368 4022 400 4086 in
419 4020 627 4108 antistropha:

464 4157 549 4245 μηδέ
565 4153 624 4224 τιν’
642 4158 817 4248 ἱερόθυτον
835 4159 898 4229 άνδι
917 4162 1063 4231 δάπεδον
1081 4160 1121 4231 ἂν
1139 4162 1189 4231 ἔτι

464 4261 543 4350 τῇδε
558 4266 687 4351 βροτῶν
704 4268 802 4343 θεοῖς
819 4270 965 4352 πέμπειν
983 4263 1022 4335 ἂν
1039 4266 1174 4336 καπνόν.
