2859 4909
770 362 892 421 AVES.

536 514 665 590 κρατεῖν
682 498 724 572 ἂν
740 498 762 592 ἢ
778 501 836 573 τὸν
854 501 975 592 ἐχθρὸν
992 500 1014 593 ἢ

537 608 685 696 φίλοισιν
703 602 845 694 ὠφελεῖν
863 605 963 691 λ’χεινς

446 717 517 778 ΕΠ.
537 711 624 796 λέγει
639 714 741 797 μέγαν
758 706 818 778 τιν’
835 706 933 796 ὄλβον
952 706 1007 779 οὔ·

535 836 572 881 τε
589 810 701 881 λεκτὸν
719 810 795 882 οὔτε
811 813 949 882 πιστόν·
972 810 1019 896 ὥς
1122 834 1125 840 ·

538 914 582 983 σὰ
598 913 660 1006 γὰρ
677 914 721 984 τὰ
738 917 850 985 πάντα
866 922 984 998 ταῦτα,
1004 919 1059 985 καλ

535 1016 574 1088 τὸ
592 1019 671 1107 τῇδε
688 1016 800 1089 καὶτὸ
817 1022 979 1089 natuerat

530 1119 573 1190 τὸ
592 1123 703 1212 δεῦρο,
724 1129 895 1213 προσβιβᾷ
912 1125 1024 1212 λέγων.

382 1243 478 1329 Quod
499 1266 547 1310 vs.
565 1242 640 1310 419.
665 1243 810 1331 supplevi
833 1242 978 1326 ξύνοικος
1000 1241 1046 1312 ὢν
1064 1241 1117 1313 ἀεὶ
1134 1247 1189 1314 rel
1207 1247 1343 1329 ξύνοικος

318 1344 364 1417 ὢν
380 1345 419 1416 τὸ
438 1352 515 1428 πᾶν,
534 1346 604 1435 ipsc
621 1347 822 1414 commendat
834 1347 1066 1436 Aristophanes
1079 1349 1156 1417 415.
1170 1351 1227 1418 ubi
1239 1351 1340 1439 Epops

317 1455 474 1533 ξυνοικεῖν
490 1454 527 1517 τέ
543 1473 600 1518 σοι
617 1450 673 1516 καλ
690 1450 833 1531 ξυνεῖναι
849 1448 888 1519 τὸ
906 1458 983 1533 πᾶν,
1003 1473 1067 1538 quo
1084 1453 1157 1522 loco
1171 1453 1265 1522 facile
1277 1455 1340 1540 quis

317 1558 361 1622 ita
373 1556 420 1622 uti
433 1554 544 1642 possit,
562 1564 598 1620 ut
614 1562 741 1640 poetam
755 1554 919 1642 scripsisse
933 1556 1090 1623 existimet
1105 1556 1183 1643 ἐμοὶ
1196 1559 1340 1640 ξυνοικῶν

315 1660 370 1725 κοιλ
388 1656 501 1739 ξυνών.
544 1656 655 1723 Reieci
672 1667 778 1724 tamen
795 1656 856 1725 hoc
874 1680 945 1724 eam
966 1658 1008 1725 ob
1031 1681 1176 1742 causam,
1201 1661 1339 1747 quoniam

317 1760 487 1849 spondiaca
499 1757 627 1827 iambici
637 1759 728 1847 pedis
742 1760 844 1827 forma
856 1760 890 1826 iu
902 1761 963 1828 hoc
977 1772 1159 1850 systemate,
1178 1764 1264 1849 quod
1274 1764 1340 1829 inde

315 1890 334 1931 a
351 1887 446 1931 versu
462 1863 653 1931 clo-426
670 1873 772 1930 totum
789 1865 878 1951 puris
894 1864 1009 1932 iambis
1028 1877 1167 1947 constat,
1190 1891 1252 1934 non
1272 1866 1339 1932 ferri

314 1990 409 2056 posse
430 1967 509 2034 mihi
529 1965 704 2034 videbatur.
748 1965 916 2034 Postrema
936 1968 1034 2035 verba
1054 1975 1228 2059 προσβιβᾷ
1248 1972 1339 2056 λέγων

315 2096 379 2140 non
397 2070 576 2161 significant
588 2066 796 2158 ‘argumentis
815 2066 970 2150 adstruit’,
994 2072 1051 2139 sed
1065 2065 1273 2161 ‘argumentis
1290 2074 1339 2139 tibi

310 2169 530 2265 persuadebit,³
560 2195 604 2241 sc.
623 2172 679 2239 ubi
699 2182 736 2239 tu
757 2172 788 2240 ei
811 2183 916 2240 tecum
938 2174 1136 2261 colloquendi
1160 2186 1337 2266 potestatem

314 2281 438 2348 leceris.
482 2278 635 2345 Alienum
648 2276 733 2343 enim
746 2266 795 2343 est
809 2276 849 2343 ab
863 2276 964 2343 atticis
979 2277 1186 2365 scriptoribus
1198 2300 1337 2368 praesens

291 2387 511 2474 προσβιβῶ.
563 2381 617 2448 Ι)ε
643 2379 800 2448 locutione
831 2379 1046 2467 προσβιβάζοι
1077 2383 1181 2469 λέγων
1211 2383 1251 2450 cf.
1277 2383 1338 2448 Lu·

315 2489 425 2556 cianus
443 2486 568 2553 Anach.
589 2486 640 2552 12.
660 2479 698 2551 οὗ
716 2480 779 2572 γὰρ
797 2484 898 2570 λέγων
914 2507 966 2563 τις
983 2479 1022 2552 ἂν
1040 2478 1279 2573 προσβιβάσιιέ
1295 2508 1336 2564 σε,

314 2602 346 2657 et
371 2612 466 2677 quem
492 2588 674 2655 Brunckius
700 2585 804 2654 attulit
825 2586 1003 2654 Aeschines
1028 2610 1061 2676 p.
1083 2588 1159 2656 485.
1187 2596 1234 2679 τῷ
1259 2588 1336 2675 λόγῳ

315 2690 552 2782 προσβιβάζεις
569 2686 664 2778 ἡμᾶς.

765 2859 814 2914 Vs.
833 2859 894 2915 456.

529 2961 568 3033 σὺ
588 2963 624 3031 δὲ
641 2959 737 3031 τοῦθ’
754 2959 847 3052 ὁρᾷς·
870 2961 933 3053 λέγ’
951 2964 985 3046 ἐς
1002 2967 1120 3034 κοινόν.

327 3149 331 3156 .
378 3087 444 3172 Qui
469 3087 590 3175 primus
617 3085 759 3153 omnium
788 3084 868 3152 hacc
898 3085 1070 3173 depravata
1096 3110 1168 3155 esse
1195 3086 1335 3154 intellexit

315 3192 495 3269 Bentleius‚
526 3188 658 3256 coniecit
685 3185 725 3255 σὺ
759 3188 794 3256 δὲ
819 3185 907 3257 τοῦτ’
938 3179 964 3256 ὦ
991 3196 1051 3259 τᾶν
1077 3186 1140 3278 λέγ’
1162 3179 1200 3272 ἒς
1225 3189 1331 3268 κοινόν,

314 3295 476 3384 Bergkius
493 3302 597 3360 autem
620 3289 660 3359 cri
682 3291 718 3358 tl
735 3287 830 3359 τοῦθ’
847 3290 865 3360 ὃ
885 3293 966 3383 δρᾷς
983 3290 1046 3381 λέγ’
1063 3293 1096 3373 ἐς
1113 3294 1235 3375 κοινόν,
1258 3290 1333 3378 quod

314 3403 388 3467 licet
409 3397 464 3465 illo
484 3395 587 3464 lenius
608 3395 663 3474 sit,
690 3395 746 3461 vix
768 3406 874 3463 tamen
894 3396 1033 3484 probari
1049 3407 1167 3486 potest,
1196 3396 1332 3483 quoniam

314 3507 376 3571 hoc
398 3502 425 3569 si
443 3499 596 3568 voluisset
612 3507 722 3584 poeta,
743 3521 807 3565 non
825 3500 918 3589 δρᾷς,
943 3500 1001 3566 sed
1018 3500 1153 3588 ὁράσεις
1170 3503 1333 3588 scripturus

313 3609 443 3684 fuisset,
461 3603 512 3671 vel
530 3602 557 3670 si
575 3613 710 3668 metrum
728 3611 887 3689 pateretur
904 3603 1076 3691 δρασείεις.
1121 3603 1231 3670 Minus
1248 3602 1332 3670 etiam

312 3711 416 3796 placet
441 3704 602 3792 Koechlyi
628 3706 806 3771 coniectura
833 3702 872 3772 σὺ
901 3705 937 3773 δὲ
962 3711 1061 3774 τοῦτο
1086 3712 1193 3796 τορῶς
1218 3701 1333 3792 λέγ’ἒς

313 3810 431 3889 κοινόν,
448 3809 534 3894 quod
544 3808 638 3875 etiam
647 3807 689 3882 ob
702 3808 848 3875 metricas
861 3808 999 3876 rationes
1012 3809 1139 3898 probari
1150 3832 1213 3877 non
1226 3816 1330 3896 potest.

312 3910 569 3998 Antistrophicos
578 3912 661 3977 enim
671 3934 782 3978 versus
792 3914 984 3999 comparanti
994 3912 1166 4000 apparebit,
1181 3910 1331 3998 stropham

314 4027 346 4082 et
362 4014 590 4100 antistropham
608 4015 807 4081 exactissime
825 4014 885 4081 sibi
902 4015 1107 4101 respondere,
1129 4026 1165 4081 ut
1185 4032 1330 4097 nusquam

312 4119 416 4187 brevis
431 4116 554 4204 syllaba
567 4117 681 4204 longae
695 4118 736 4183 sit
750 4119 903 4204 opposita,
921 4119 983 4183 nisi
996 4120 1080 4203 quod
1095 4119 1191 4185 semel
1204 4142 1249 4182 vs.
1263 4113 1329 4180 452.

310 4224 342 4289 in
360 4244 470 4288 versus
489 4219 577 4285 initio
595 4220 699 4286 brevis
719 4222 880 4288 anacrusis
898 4222 1065 4308 respondet
1083 4222 1204 4309 longae.
1244 4214 1329 4301 Quod
