2859 4909
278 387 300 453 8
622 395 959 455 ACHARNENSES.

277 537 475 607 vir'doct'us‘
489 560 537 604 vs.
561 538 635 604 316.
662 538 845 616 eliminavit,
872 525 963 604 cuius
989 537 1069 603 adeo
1097 559 1138 603 ne
1163 558 1315 624 graecam

277 644 406 730 quidem
424 642 597 708 oraticnem
612 664 683 707 esse
701 642 872 708 affirmavit
890 641 1036 727 quidem,.
1047 650 1080 706 at
1097 641 1316 706 demonstrare

279 746 467 833 supersedit.
518 744 699 811 Novissime
734 745 887 811 Albertns
922 744 1042 810 Miiller
1077 766 1117 809 ex
1151 743 1317 830 Heusingi

279 850 459 917 coniectura
476 849 574 914 edidit
591 848 649 935 τήν
665 873 702 934 ys
720 845 864 936 κεφαλὴν
882 844 969 931 οχών
983 848 1097 933 λέγειν,
1117 869 1169 912 me
1183 846 1317 932 quidem

278 975 361 1038 quac
374 956 412 1039 γέ
424 951 595 1038 particulae
607 952 660 1020 hic
674 952 723 1017 vis
742 973 813 1018 esse
831 951 931 1037 possit
949 951 1123 1029 nescienter
1141 951 1317 1038 plurimum

279 1056 429 1122 differunt
447 1054 487 1121 ab
505 1055 536 1121 h.
551 1056 572 1120 l.
586 1078 668 1141 quae
685 1054 780 1142 plena
797 1078 894 1120 manu
911 1053 1025 1119 affudit
1042 1053 1091 1119 vir
1107 1053 1315 1120 doctissimus

278 1160 347 1227 eius
381 1158 514 1226 voculae
548 1159 630 1225 inter
663 1158 831 1225 articulum
862 1168 894 1223 et
925 1156 1159 1223 substantivum
1190 1157 1316 1244 positae

279 1250 433 1350 eirempla
477 1262 590 1346 ltaque
607 1262 716 1327 malim
734 1261 830 1349 τήνδε
847 1258 1003 1348 κεφαλήν,
1022 1260 1078 1325 lucc
1093 1283 1193 1326 mcum
1210 1271 1315 1347 caput.

277 1366 334 1433 Ad
352 1363 438 1449 σχὼν
456 1366 630 1456 comparari
647 1373 753 1452 potest
770 1364 868 1430 Hom.
889 1362 954 1430 Od.
972 1363 999 1439 I,
1020 1362 1092 1429 157.

729 1551 780 1609 Vs.
799 1552 860 1607 336.

418 1653 558 1736 ἀπολεῖς
576 1651 627 1745 ἄρ’
645 1652 787 1744 ὁμήλικα
803 1656 900 1723 τόνδε
918 1658 1164 1745 φιλανθρακέα·

344 1779 396 1872 Ita
412 1778 492 1844 haec
506 1777 669 1865 Reisigius
688 1778 823 1864 scripsit,
841 1776 913 1843 libri
931 1772 996 1866 ἔρα
1009 1775 1065 1844 τὸν
1078 1770 1175 1864 ἥλικα
1188 1783 1316 1861 praeter

278 1881 400 1976 Aqui
425 1879 522 1946 habet
548 1876 614 1968 ἄρα
640 1876 676 1947 θ’
696 1875 806 1968 ἥλικα,
833 1881 868 1945 in
889 1903 953 1964 quc
976 1875 1026 1968 ἄρ’
1047 1875 1194 1968 ἇφήλικα
1216 1876 1316 1942 latere

268 1984 458 2071 suspicatus
491 2007 576 2063 sum,
611 1985 738 2050 nescius
769 1995 836 2049 tum
871 1982 957 2048 idem
985 1983 1143 2070 placuisse
1172 1979 1317 2067 Bergkio

281 2086 406 2154 Comm.
425 2086 465 2152 de
482 2087 627 2172 Antiqua
645 2086 737 2154 Com.
756 2110 788 2174 p.
807 2085 881 2152 259.
924 2085 1019 2151 Nunc
1035 2087 1142 2152 nescio
1160 2108 1200 2150 an
1222 2105 1316 2170 prae-

279 2200 341 2256 stet
368 2212 463 2256 sensu
489 2192 645 2257 contrario
668 2190 806 2257 scribere
828 2185 967 2268 ἀπολεῖς
989 2185 1054 2274 ἄρα
1075 2189 1205 2276 τήλικα,
1234 2188 1315 2252 huuc

200 2363 202 2367 ,
279 2296 416 2359 tantulae
433 2298 542 2360 aetatis
560 2295 786 2360 carbonarium.

730 2480 780 2537 Vr.
799 2480 860 2535 396.

440 2584 498 2654 οὐκ
516 2585 607 2653 ἔνδον
626 2585 718 2653 ἔνδον
737 2583 838 2665 ἐστίν,
859 2583 889 2651 εἰ
906 2583 1036 2671 γνώμην
1054 2582 1146 2666 ἔχεις.

342 2708 435 2773 Haec
460 2729 525 2771 non
550 2716 635 2772 recte
661 2689 746 2771 dicta
772 2727 842 2771 esse
869 2705 1021 2799 intellexit
1046 2702 1223 2791 Reisigius,
1261 2703 1315 2788 qui

277 2806 356 2877 κούκ
375 2809 465 2876 ἔνδον
484 2807 575 2875 ἔνδον
592 2804 618 2875 τ’
636 2807 734 2889 ἐστίν,
754 2809 897 2886 coniecit,
916 2808 1002 2893 quod
1015 2830 1128 2895 graece
1145 2807 1189 2871 ita
1206 2807 1314 2892 potius

277 2911 447 2979 dicendum
469 2922 535 2977 erat
555 2905 635 2978 κούκ
658 2909 750 2979 ἔνδον
772 2913 828 2977 καὶ
850 2909 940 2979 ἔνδον
963 2909 1044 2979 ἐστί.
1088 2910 1220 2978 Rectius
1244 2910 1313 2975 sine

278 3016 375 3081 dubio
390 3005 532 3081 Cobctus
547 3009 605 3080 οὐκ
619 3013 710 3081 ἔνδον
725 3011 770 3081 (ἔν
785 3010 849 3082 ἔστ’
861 3013 963 3082 ἔνδον.
1010 3012 1076 3080 Sed
1089 3007 1159 3098 quis
1173 3023 1314 3099 praestet

276 3119 356 3185 haec
377 3109 442 3184 non
467 3118 596 3202 gravius
619 3128 766 3204 corrupta
788 3141 873 3197 esse,
900 3127 1027 3205 poetam
1055 3128 1160 3183 autem
1186 3116 1313 3182 dedisse

278 3220 369 3289 ἔνδον
387 3245 423 3288 τε
440 3215 519 3287 κούκ
537 3217 602 3287 ἔστ’
623 3220 728 3302 ἔνδον,
749 3243 812 3307 quc
831 3222 946 3287 ducere
964 3220 1088 3286 videtur
1105 3242 1200 3306 quem
1217 3230 1313 3306 poeta

277 3324 318 3391 ob
342 3323 451 3391 oculos
473 3324 584 3390 habuit
605 3325 694 3390 locus
712 3324 875 3411 Euripidis
893 3324 966 3389 Alc.
980 3323 1054 3389 521.
1074 3321 1161 3389 ἔστιν
1179 3345 1215 3386 τε
1232 3317 1312 3389 κούκ

277 3426 319 3496 ἔτ’
341 3428 438 3497 ἐστίν.
481 3427 553 3493 Nisi
581 3428 742 3513 praeferas
774 3429 860 3513 quod
886 3427 1026 3494 omnium
1053 3426 1237 3491 facillimum
1266 3426 1312 3490 vi·

276 3533 369 3600 detur
387 3529 444 3599 οὐκ
463 3530 554 3598 ἔνδον
573 3529 666 3598 ἔνδον
683 3527 710 3597 τ’
729 3530 826 3598 ἐστίν.

727 3716 778 3774 vs.
796 3718 857 3771 435.

449 3812 476 3888 ὦ
494 3827 558 3889 Ζεῦ
578 3823 703 3890 διόπτα
720 3823 776 3888 καὶ
793 3820 945 3888 κατόπτα
962 3825 1123 3908 πανταχῇ.

285 3979 289 3984 ·
340 3942 388 4009 Ut
402 3943 464 4008 alia
476 3943 576 4009 multa
589 3942 650 4009 hac
663 3943 697 4008 in
716 3966 819 4021 scena,
839 3943 883 4007 ita
901 3943 994 4007 etiam
1008 3942 1087 4006 haec
1101 3964 1142 4005 ex
1154 3940 1308 4027 Euripide

276 4045 463 4113 adumbrata
484 4067 555 4110 csse
581 4046 647 4110 dixi
664 4047 697 4110 in
715 4045 882 4132 Philologo
902 4043 989 4111 Gott.
1009 4044 1070 4109 vcl.
1089 4043 1186 4110 XIV.
1204 4067 1236 4130 p.
1255 4045 1305 4109 20.

276 4149 455 4218 Genuinam
486 4171 597 4214 versus
628 4148 794 4236 Euripidei
823 4149 958 4214 formam
989 4148 1102 4214 elicere
1132 4147 1239 4214 licebit
1269 4170 1308 4213 ex

274 4255 446 4342 Anonymo
473 4253 506 4319 in
531 4252 608 4320 Vita
633 4253 727 4319 Arati
753 4252 815 4318 vcl.
838 4252 882 4317 Π.
910 4276 942 4340 p.
964 4252 1039 4318 439.
1062 4251 1112 4316 ed.
1135 4250 1233 4317 Buhl.
1255 4245 1307 4317 δτι
