2859 4909
453 398 751 459 LYslsTRtTA.
1062 387 1127 456 123

100 543 212 610 comico
236 553 365 631 poetae,
401 564 603 610 communem
632 543 759 610 dicendi
788 544 943 611 rationem
969 544 1126 631 sequenti.

98 647 201 732 Neque
226 645 394 712 articulum
420 646 514 713 facile
540 645 699 713 omisisset
725 644 968 734 Aristophanes.
1017 647 1127 732 Quare

98 773 158 815 non
177 749 286 816 dubito
308 750 386 834 quin
408 748 610 816 scribendum
628 750 670 815 sit
687 747 721 816 λν
737 756 778 839 τῇ
795 750 1007 839 τετραπόλει,
1029 750 1127 836 idque

98 864 179 919 tanto
204 852 322 919 certius
348 853 486 932 videtur,
513 874 586 920 cum
611 852 829 941 τετραπτύλιι
850 876 908 941 per
928 854 1127 921 Brunchium

99 957 220 1021 demum
242 956 366 1022 illatum
388 956 444 1033 sit,
471 955 563 1023 codd.
588 953 622 1023 ἐν
642 955 857 1043 τετραπόλει,
882 956 924 1024 Β.
947 968 1054 1024 autem
1076 955 1127 1025 ἕν-

18 1057 19 1086 ’
99 1057 308 1146 γε’τεραπόλει
337 1059 447 1139 hahet,
485 1059 518 1125 in
544 1081 609 1145 quo
635 1059 804 1126 manifesta
833 1060 941 1127 insunt
969 1061 1129 1149 genuinae

100 1162 265 1249 scripturae
281 1162 428 1250 vestigia.

545 1331 594 1387 Vs.
613 1331 674 1386 340,

160 1434 204 1518 ὥς
221 1439 305 1526 scopi
320 1433 381 1526 χρὴ
399 1433 460 1517 τὰς
476 1434 628 1526 μυσαρὰς
643 1449 799 1525 γυναῖκας
816 1433 1040 1526 ἀνθρακεύειν.

162 1556 243 1625 Sunt
260 1558 341 1625 haec
358 1558 546 1624 minantium
562 1558 702 1623 virorum
721 1557 832 1638 verba,
854 1580 912 1647 per
928 1581 963 1626 se
980 1560 1049 1626 vitii
1064 1583 1137 1627 nou-

105 1673 257 1749 suspecta,
281 1661 339 1728 sed
365 1662 548 1728 antithetico
574 1661 681 1727 versui
708 1682 772 1727 uon
797 1663 1030 1749 respondentia.
1072 1663 1131 1730 Iu-

106 1776 181 1832 certa
194 1775 301 1832 tamen
314 1764 377 1833 loci
390 1764 514 1831 medela
527 1775 587 1843 est,
605 1785 678 1830 cum
696 1763 788 1850 plura
804 1766 977 1854 excogitari
994 1767 1131 1854 possint,

107 1868 211 1952 quibus
228 1891 379 1935 numeros
396 1868 554 1946 restituas,
568 1866 672 1949 uelut:

145 1984 187 2067 ὥς
204 1990 288 2075 πυρὶ
303 1985 364 2077 χρὴ
381 1985 442 2066 τὰς
459 1983 611 2075 μυσαρὰς
628 1991 732 2074 γρᾶας
751 1980 1026 2076 ἆτιανθρακεύειν,

107 2091 163 2158 vel:

145 2190 187 2274 ὥς
204 2196 288 2283 πυρὶ
303 2190 365 2283 χρὴ
382 2190 624 2280 coeptaeque,
643 2187 705 2272 τὰς
722 2190 834 2272 κύνας,
853 2187 1078 2280 ἀνθρακεύειν.

109 2314 244 2399 Quorum
266 2326 436 2399 utcumque
458 2322 568 2401 aptum
590 2321 654 2390 est3
681 2307 948 2401 ἇιιανθρακεύειν
973 2337 1038 2381 non
1063 2316 1133 2383 sine

110 2419 270 2486 acrimonia
287 2417 406 2484 dictum
424 2426 523 2496 esset,
551 2428 699 2503 tanquam
714 2419 817 2503 pc'sccc
838 2440 930 2505 super
950 2420 1140 2486 corbonibus·

19 2537 20 2574 ἑ
111 2535 219 2589 unce.
272 2521 384 2608 Neque
418 2519 516 2599 κύνας
550 2517 744 2606 displicebit,
779 2520 865 2605 quod
899 2520 1049 2607 frequens
1084 2535 1134 2590 est

19 2645 20 2698 t
112 2627 292 2706 muriciam
319 2625 452 2690 mutatio
477 2634 583 2690 autem
606 2621 757 2689 facillima
779 2632 842 2702 est,
868 2646 929 2691 nec
950 2647 1022 2692 raro
1042 2624 1136 2706 κύνες

19 2723 20 2806 ξ
113 2737 138 2793 et
158 2741 305 2816 γυναῖκες
329 2737 508 2816 permutata
533 2734 626 2803 sunt,
653 2747 681 2791 e.
709 2747 738 2790 c.
765 2726 851 2814 apud
878 2726 1134 2816 Theophrastum

19 2889 20 2898 ,
114 2830 198 2899 Char.
224 2831 397 2900 XXVIII.
420 2854 451 2918 p.
475 2830 533 2907 30,
557 2828 608 2894 18.
636 2828 686 2894 ed.
712 2827 806 2896 Fons.
851 2829 988 2898 Roboris
1014 2832 1134 2918 aliquid

19 2991 20 3002 ,
113 2934 176 3001 huic
200 2935 412 3003 emendationi
438 2932 525 3002 addit
551 2931 638 3017 quod
664 2930 726 2997 hoc
751 2932 857 3019 ipsum
884 2935 1061 3001 convicium
1086 2959 1139 3003 re·

116 3039 271 3123 spicientes
289 3037 438 3104 mulieres
458 3059 507 3102 vs.
526 3035 601 3102 363.
623 3033 734 3101 (linunt
756 3029 814 3101 κού
836 3032 958 3125 μήποτ’
974 3034 1054 3126 ἄλλη
1074 3063 1136 3108 σου

117 3141 188 3208 κύων
204 3148 272 3210 τῶν
290 3137 413 3228 ὄρχεων
430 3138 583 3227 λάβηται.

554 3308 603 3364 Vs.
621 3309 682 3363 373.

165 3414 226 3504 ἐγὼ
244 3417 305 3502 μὲν
322 3416 376 3484 ἵνα
392 3414 494 3502 νήσας
511 3410 621 3502 πυρὰν
637 3411 698 3493 τὰς
716 3411 778 3492 σὰς
796 3414 896 3501 φίλας
913 3408 1055 3500 ὑφάψω.

167 3517 227 3606 ἐγὼ
247 3519 284 3586 ct
300 3515 328 3606 μ’
343 3517 398 3587 ἵνα
415 3516 474 3604 τὴν
492 3514 551 3605 σὴν
568 3512 677 3603 πυρὰν
694 3514 803 3603 τούτῳ
821 3519 1072 3602 κατασβέσαιμι.

170 3640 378 3708 Diversorum
408 3637 574 3705 modorum
604 3638 638 3702 in
668 3638 780 3704 eadem
812 3636 985 3705 sententiae
1013 3638 1143 3706 confor-

122 3744 242 3811 matione
267 3743 448 3809 coniunctio
474 3752 540 3807 tam
566 3740 706 3808 insolens
729 3751 793 3820 est,
820 3749 865 3806 ut·
881 3762 994 3810 verear
1017 3764 1058 3809 ne
1084 3757 1140 3810 aut

48 3865 50 3874 ‘
122 3839 235 3933 ὑφάψω
285 3858 339 3913 aut
386 3848 629 3928 κατασβέσαιμι
676 3844 797 3929 aliquid
839 3842 907 3909 vitii
955 3848 1140 3933 susceperit.

125 3945 298 4035 Ccp'tabam
325 3947 495 4035 aliquando
527 3948 567 4014 de
597 3947 791 4014 restituenda
821 3946 1013 4014 coniunctivi
1038 3948 1141 4017 forma

21 4053 22 4064 ¹
124 4057 353 4137 κατασβέσαιμι,
391 4053 481 4118 cuius
512 4051 572 4117 etsi
606 4050 728 4116 nullum
764 4049 849 4137 apud
885 4049 996 4116 atticos
1031 4063 1144 4138 poetas

124 4155 287 4242 exemplum
310 4157 373 4235 αεὶ.
396 4154 531 4221 sortasse
555 4164 660 4220 tamen
683 4154 730 4219 sic
752 4152 877 4240 scripsit
898 4151 1143 4239 Aristophanes,

22 4245 23 4332 ᾗ
125 4259 200 4324 metri
224 4260 335 4346 opinor
360 4258 549 4325 necessitate
575 4266 721 4335 coactus,
753 4255 1019 4341 quemadmodum
1046 4259 1142 4325 etiam
