2859 4909
539 396 699 454 RANAE.

558 534 609 593 vs.
627 534 688 591 566.

569 636 615 707 νώ
635 639 671 706 δὲ
689 638 832 707 δεισάσα
848 644 887 726 γέ
903 662 972 706 που

270 744 328 813 ἐπὶ
344 740 403 832 τήν
419 738 572 831 κατήλιφ’
589 739 692 822 εὐθὺς
710 738 973 831 ἀνεπηδήσαμεν.

175 868 223 934 Ita
243 865 371 933 codices
394 864 506 952 optimi
526 861 615 941 RV„
638 862 738 950 vulgo
760 862 927 944 δείσασαι,
951 884 1033 948 quae
1056 862 1145 930 scioli

118 970 286 1037 emendatio
303 979 354 1035 est
370 977 472 1033 metro
488 966 639 1034 timentis.
683 967 731 1032 At
746 989 788 1033 ne
806 967 891 1032 edita
907 966 1035 1051 quidem
1051 967 1147 1034 lectio

117 1073 186 1139 ferri
209 1080 330 1160 potest3
357 1071 473 1137 atticus
501 1070 585 1136 enim
613 1091 718 1135 sermo
741 1069 889 1136 δείσαντε
909 1068 1054 1153 requirit,
1080 1092 1147 1136 non

120 1176 259 1244 δεισάσα.
314 1172 566 1260 Aristophanem
597 1172 764 1260 scripsisse
796 1172 940 1260 suspicor
965 1168 1011 1238 νὼ
1039 1172 1076 1238 δέ
1103 1170 1144 1261 δὴ

121 1279 261 1347 δείσαντί
278 1302 359 1346 που.

562 1410 613 1467 Vs.
632 1410 693 1466 573.

284 1512 330 1597 ὥς
348 1513 453 1605 ἡδέως
471 1511 511 1583 ἅν
529 1539 590 1584 σου
609 1518 698 1603 λίθῳ
716 1511 795 1594 τοὺς
811 1519 976 1604 γομφίους

282 1616 437 1706 κόπτοιμ’
458 1616 508 1687 ἄν.

178 1739 294 1809 Graeci
315 1764 380 1807 non
400 1738 536 1808 κόπτειν
557 1736 636 1818 τοὺς
659 1734 798 1817 ὀδόντας
820 1739 924 1806 dicere
946 1738 1065 1819 solent,
1091 1739 1150 1806 scd

120 1843 292 1922 ἐκκόπτειν,
312 1854 347 1910 ut
361 1844 430 1931 ipse
443 1841 677 1931 Aristophanes
691 1865 788 1928 supra
805 1842 929 1909 locutus
945 1852 994 1909 est
1010 1865 1059 1911 vs.
1073 1841 1148 1910 548.

119 1945 301 2036 μούξέκοψε
323 1943 401 2026 τοὺς
419 1942 541 2032 χοροὺς
563 1942 643 2025 τοὺς
663 1949 869 2034 προσθίους,
894 1957 926 2013 et
946 1944 1149 2033 Phrynichus

120 2051 207 2119 Com.
229 2076 277 2139 gr.
302 2051 502 2137 11‚p.603.
529 2046 607 2129 τοὺς
631 2054 798 2137 γομφίους
825 2043 975 2128 ἅπαντας
1002 2046 1150 2134 ἐξέκοψε.

120 2153 182 2221 cfr.
195 2155 280 2221 Nub.
295 2154 348 2221 24.
391 2151 499 2235 Quare
513 2153 586 2218 vide
601 2175 641 2218 ne
654 2152 706 2217 hic
720 2174 846 2238 quoque
861 2151 1063 2217 scribendum
1076 2150 1131 2216 sit:

286 2252 333 2334 ὥς
349 2251 456 2342 ἡδέως
473 2252 551 2334 τοὺς
567 2260 733 2343 γομφίους
751 2250 790 2322 άν
809 2277 869 2321 σου
887 2255 976 2342 λίθφ

186 2397 190 2404 <
281 2353 468 2443 ’moment'
488 2353 538 2426 άν.

569 2511 620 2566 Vs.
638 2510 699 2566 582.

225 2607 253 2683 ὦ
271 2617 464 2684 Ξανθίδιον.
506 2617 562 2682 καὶ
579 2621 654 2694 πῶς
672 2611 712 2684 ἂν
726 2611 900 2704 Ἀλκμήνης
918 2611 981 2702 ἐγώ
1000 2650 1044 2662 -

179 2738 252 2804 Nisi
274 2737 402 2824 egregie
424 2735 518 2803 fallor
535 2736 718 2803 Ξανθίδιον
741 2736 882 2803 secunde
902 2734 992 2802 brevi
1009 2734 1072 2801 dici
1087 2758 1154 2801 non

122 2842 234 2925 potuit;
257 2851 366 2928 posset
388 2862 465 2905 sane
483 2839 511 2905 si
528 2863 548 2905 a
564 2838 699 2918 Ξάνθος
718 2851 820 2919 esset,
844 2850 876 2905 at
893 2863 913 2905 a
930 2843 1081 2918 Ξανθίας
1097 2839 1155 2904 de·

123 2944 242 3010 scendit
263 2943 447 3010 Ξανθίδιον
470 2942 611 3008 secunda
632 2942 743 3029 longa,
771 2954 806 3009 ut
830 2941 968 3010 οἰκίδιον
989 2941 1031 3008 ab
1054 2940 1152 3020 οίκία,

123 3042 267 3114 οὐσίδιον
289 3044 330 3113 ab
354 3042 453 3113 οὗοία
475 3055 570 3131 atque
592 3046 637 3110 ita
663 3046 819 3112 constanti
845 3057 877 3111 ct
902 3054 1057 3132 perpetuo
1080 3068 1153 3111 usu.

122 3147 202 3215 Eam
224 3150 265 3216 ob
292 3171 421 3215 causam
444 3159 499 3215 aut
521 3138 548 3213 ὦ
571 3148 743 3215 delendum
769 3159 824 3214 aut
851 3136 880 3214 ὦ
902 3147 1050 3215 Ξάνθιον
1078 3149 1155 3215 scri-

123 3251 258 3319 bendum
276 3253 420 3319 arbitror.

572 3402 622 3460 Vs.
640 3403 701 3459 593.

378 3506 564 3591 ἀνανεάζειν
581 3506 667 3593 πρὸς
683 3505 722 3576 τὸ
741 3505 896 3594 σοβαρόν.

184 3630 353 3697 Postrema
370 3629 467 3696 verba
485 3630 525 3696 ad
543 3652 670 3697 versum
692 3628 872 3694 necessaria
890 3650 907 3693 e
925 3626 1054 3693 scholiis
1071 3626 1154 3694 Rav.

125 3732 316 3819 aliorumque
338 3734 491 3800 librorum
512 3732 672 3818 supplevi,
694 3731 750 3797 ubi
773 3731 815 3797 ad
833 3728 1019 3811 ἀνανεάζειν
1036 3732 1157 3798 adscri-

124 3847 210 3920 ptum
224 3849 273 3902 est
287 3833 425 3903 σεαυτὸν
439 3832 525 3923 πρὸς
537 3833 576 3902 τὸ
592 3834 745 3919 σοβαρόν.
771 3833 928 3900 Nimirum
942 3832 1102 3923 glossator
1115 3836 1156 3901 ad

126 3934 309 4021 ἀνανεάζειν
327 3939 538 4025 adscripscrat
555 3936 704 4017 σεαυτόν,
722 3948 809 4004 natus
828 3938 960 4005 verbum
977 3938 1039 4005 hoc
1052 3940 1157 4004 activa

126 4055 277 4127 potestate
303 4042 423 4109 dictum
450 4064 536 4121 esse3
563 4050 668 4108 cetera
694 4052 801 4108 autem
827 4039 914 4131 πρὸς
938 4039 977 4110 τὸ
1001 4041 1156 4130 σοβαρόν,

126 4156 158 4210 nt
179 4146 300 4233 passim
322 4146 443 4212 factum
466 4157 529 4224 est,
553 4166 570 4209 e
594 4154 744 4211 contextu
761 4157 873 4233 poetae
890 4147 923 4211 in
942 4144 1086 4212 scholion
1102 4144 1158 4209 de-

127 4257 210 4318 trusa
227 4261 313 4316 sunt.
820 4259 823 4262 ’
