2859 4909
299 394 363 459 194
630 406 1004 465 ECCLESIAZUSAE.

748 547 798 602 Vs.
817 546 877 601 482.

330 649 374 735 μί
394 649 460 716 πού
478 674 530 729 τις
548 648 583 717 ἐκ
600 647 788 718 τοῦπισθεν
806 646 852 718 ὢν
869 648 908 719 τὸ
927 657 1035 738 σχῆμα
1052 650 1288 738 παραφυλάξῃ.

364 768 500 856 Siquid
521 770 686 858 analogiae
707 769 924 849 tribuendum,
952 770 1155 838 scribendum
1180 770 1278 836 fuerit
1299 767 1331 836 ta

295 868 460 941 rodacod'
482 871 551 941 laia
596 872 649 940 cf.
672 873 754 940 Ran.
778 873 852 940 286.
896 873 961 940 Pro
984 873 1207 962 παραφυλάξῃ
1235 872 1331 960 vulgo

295 976 660 1066 1οςίῐιιτζκοταφυλάξῃ,
683 977 771 1063 quod
791 986 875 1043 recte
898 976 976 1042 mibi
997 978 1184 1043 emendasse
1207 976 1329 1053 videor,

296 1102 399 1165 neque
412 1080 511 1146 ullum
526 1091 687 1167 praeterea
700 1080 790 1147 verbi
802 1078 1063 1168 κστσφολάτσειν
1077 1079 1259 1167 exemplum
1272 1088 1327 1156 est,

295 1205 399 1269 neque
417 1183 444 1250 si
463 1194 548 1249 esset
565 1182 640 1250 huic
657 1182 728 1250 loco
746 1195 854 1270 aptum
872 1184 1019 1250 dicerem.

746 1335 796 1391 Vs.
815 1335 877 1390 486.

660 1442 717 1507 καὶ
735 1446 1021 1528 περισκοπουμένη

529 1595 537 1610 .
563 1595 570 1610 .
595 1595 603 1609 .
628 1594 636 1608 .
659 1539 789 1609 κάκεῖσε
806 1544 863 1610 καὶ
879 1540 940 1610 coia
958 1544 1077 1624 δεξιᾶς.

359 1665 527 1729 Lacunam
550 1685 646 1747 quam
668 1672 803 1728 metrum
826 1663 963 1729 ostendit
987 1663 1040 1729 alii
1067 1663 1157 1729 aliter
1184 1660 1324 1749 supplere

294 1767 514 1842 instituerunt3
550 1764 755 1832 Hermannus
792 1765 929 1832 addebat
963 1771 1208 1855 περιστρέφοο,
1244 1762 1324 1850 quod

294 1878 424 1957 propter
443 1866 583 1933 vicinum
605 1874 891 1957 περισκοπουμένη]
914 1869 1020 1935 nescio
1042 1868 1203 1954 quomodo
1221 1866 1323 1953 displi-

293 1984 358 2051 cet,
383 1968 526 2037 Cobetus
543 1965 702 2038 τάνθένδε
724 1976 793 2049 καί,
817 1972 944 2038 Kielius
966 1969 1008 2038 τὰ
1031 1972 1127 2058 δεῦρο
1151 1975 1221 2049 καί,
1247 1968 1322 2034 ΗοΙ-

295 2077 396 2142 denus
419 2069 550 2141 acinetos
571 2076 627 2140 καὶ
647 2071 690 2140 τὰ
712 2075 791 2163 τῇδε
817 2077 872 2142 καὶ
898 2072 959 2142 τάκ
986 2075 1107 2156 δεξιᾶς,
1136 2076 1192 2160 qui
1218 2096 1320 2141 omnes

293 2178 467 2267 probarunt
478 2176 576 2243 Fabri
590 2177 802 2244 coniecturam
815 2173 955 2257 τάκεῖσε,
975 2201 1047 2244 cum
1060 2177 1132 2244 libri
1150 2178 1184 2244 in
1197 2173 1320 2244 κάκεῖσε

293 2281 501 2349 consentiant.
546 2279 696 2348 Fortasse
713 2304 824 2348 verum
843 2292 904 2348 est:

730 2386 786 2450 καὶ
803 2388 1088 2472 περισκοπουμένη

456 2483 499 2552 τὰ
517 2480 621 2553 πάνθ’
639 2480 715 2574 ὅροι,
735 2481 866 2554 κᾶκεῑσε
883 2489 939 2553 καὶ
955 2483 1017 2553 edu
1035 2487 1153 2566 δεξιᾶς.

294 2589 522 2676 Imperativum
552 2588 709 2656 excidisse
740 2591 809 2677 ipsa
840 2590 1008 2657 verborum
1044 2589 1187 2677 syntaxis
1218 2588 1316 2665 docet3

294 2690 398 2759 ἐκεῖσε
416 2714 514 2776 quum
532 2693 617 2771 dicit,
637 2693 795 2759 sinistram
813 2694 992 2760 orchestrae
1009 2703 1130 2780 partem
1149 2700 1304 2758 monstrat.

745 2845 795 2901 vs.
813 2844 873 2899 491.
1390 2825 1392 2860 ‘

326 2946 384 3036 τὴν
403 2943 434 3013 d’
452 2946 557 3015 οἰκίαν
576 2944 683 3029 ἔξεσθ’
701 2945 796 3038 ὁρᾶν,
816 2944 961 3037 ὅθενπερ
979 2946 999 3036 ἡ
1017 2947 1197 3038 στρατηγὸς

329 3046 401 3121 too’
418 3047 438 3139 ἡ
456 3048 495 3118 τὸ
513 3046 636 3138 πρᾶγμ’
652 3048 791 3140 εὖροῦσ’,
812 3051 830 3119 ὃ
848 3058 904 3120 νῦν
923 3051 1014 3134 ἔδοξε
1031 3065 1103 3132 τοῖς
1120 3055 1278 3132 πολίταις.

357 3172 500 3239 Permire
527 3171 605 3237 mihi
630 3172 749 3238 dictum
775 3172 900 3238 videtur
926 3167 1072 3260 ὅθενπερ
1100 3170 1120 3260 ἡ
1145 3170 1314 3262 στρατηγός

293 3275 390 3357 ἐστιν,
409 3298 466 3362 pro
481 3297 544 3359 quo
558 3275 764 3361 expectabam
781 3269 927 3363 ὅθενπερ
941 3272 1002 3364 ᾔει,
1021 3276 1082 3342 nisi
1100 3276 1204 3342 doceri
1220 3283 1315 3363 potest

294 3378 330 3460 ἐξ
351 3377 457 3458 οἰκίας
479 3373 563 3445 εἶναι
589 3388 674 3444 recte
696 3378 759 3444 dici
781 3379 820 3444 de
842 3379 881 3445 iis
904 3380 959 3464 qui
981 3402 1021 3445 ex
1042 3379 1137 3446 domo
1158 3379 1311 3467 prodeunt.

292 3483 406 3566 Itaque
441 3480 642 3548 scribendum
675 3481 877 3567 suspicabar:
914 3476 1059 3570 ὅθενπερ
1089 3478 1110 3569 ἦ
1145 3477 1313 3571 στρατηγὸς

292 3575 369 3672 ἦλθ’
389 3581 408 3672 ἡ
427 3582 465 3651 τὸ
485 3580 608 3672 πρᾶγμ’
625 3580 775 3672 εὑροῦσα.

743 3718 793 3776 Vs.
811 3718 871 3774 495.

385 3821 430 3911 μὴ
448 3830 506 3891 καί
522 3850 573 3904 τις
589 3821 676 3913 ἡμᾶς
694 3820 818 3910 ὄψεται
832 3821 946 3912 χήμῶν
964 3825 1045 3905 ἴσως
1062 3831 1213 3914 κατείπῃ.

387 3921 455 3991 ἀλλ’
473 3923 525 3994 εἶσι
544 3924 629 4016 δεῦρ’
646 3926 704 3995 ἐπὶ
722 3933 816 4007 σκιᾶς

386 4026 536 4096 ἐλθοῦσα
554 4029 638 4119 πρὸς
655 4028 694 4097 τὸ
712 4037 833 4115 τειχίον
851 4070 893 4080 -

331 4231 332 4234 ¹
355 4150 454 4217 Recte
472 4149 642 4216 Dobraens
660 4152 783 4218 dubitat
801 4153 840 4218 de
858 4152 953 4233 ἴσως,
978 4152 1029 4218 cui
1052 4148 1109 4218 ἷιὺν
1132 4153 1311 4219 substituen-

290 4254 366 4318 dum
384 4263 484 4340 putat.
529 4252 643 4318 Malim
666 4253 756 4321 ἰδών.
802 4255 887 4322 Tum
904 4280 968 4322 non
985 4254 1126 4342 intelligo
1144 4278 1207 4342 quo
1225 4274 1310 4322 sensu
