2859 4909
518 381 698 438 VESPAE.

534 554 583 610 Vs.
603 555 679 610 1492.

327 695 440 773 σκέλος
459 688 614 782 οὐράνιόν
631 691 660 782 y’
677 693 880 776 ἐκλακτίζων.

163 844 365 913 Scribendum
382 848 508 914 videtur
526 843 680 934 οὐρανίαν
698 849 810 929 deleta,
829 874 926 936 quam
942 852 1016 920 RV.
1035 853 1126 939 igno·

97 962 174 1028 rant,
190 949 339 1036 particula
352 954 399 1037 γέ.
432 950 616 1038 Hesychius
632 947 839 1040 Οὐρανίαν·
858 947 937 1022 ὅταν
950 951 1008 1042 τὴν
1022 968 1125 1044 σφαῖ-

97 1081 156 1141 ραν
177 1050 392 1138 ἅναβοίλωσιν.
418 1056 473 1121 καὶ
496 1051 555 1143 τὴν
576 1054 731 1141 τοιαύτην
754 1055 790 1123 δὲ
811 1058 961 1125 καθόλου
984 1056 1125 1126 παιδιὰν

99 1160 228 1224 καλοῦσι
248 1159 305 1223 καὶ
326 1152 517 1245 οὖρανίζειν.
557 1154 652 1245 παρὰ
675 1148 733 1225 οὖν
759 1165 858 1227 τοῦτο
886 1159 1020 1242 >έτταιξεν
1040 1157 1124 1249 Ἀρί-

98 1262 267 1349 στοφολνης.
312 1260 406 1345 Quae
426 1261 537 1348 glossa
558 1260 696 1327 dubitari
718 1285 782 1329 non
799 1274 905 1349 potest
921 1265 998 1349 quin
1015 1264 1067 1330 vel
1084 1264 1126 1330 ad

98 1365 176 1431 hunc
205 1365 310 1450 ipsum
335 1364 561 1451 Aristophanis
593 1363 699 1430 locum
725 1365 891 1432 reserenda
916 1368 971 1446 sit,
1008 1367 1059 1432 vel
1085 1368 1126 1433 ad

98 1491 140 1534 vs.
164 1468 256 1534 1530.
284 1467 383 1555 ῥῖτττε
409 1469 524 1546 σκέλος
550 1463 718 1555 οὐράνιον,
746 1468 803 1534 ubi
827 1470 945 1556 pariter
973 1466 1125 1558 οὐρανίαν

97 1570 226 1638 scribere
255 1580 406 1656 praestat.
458 1569 515 1636 Ad
545 1573 624 1661 ῥῖπε
656 1572 771 1650 σκέλος
801 1571 931 1640 adnotat
957 1573 1126 1641 scholiasta

99 1670 279 1763 Εὐφρόνιος
302 1668 390 1740 οὕτω
410 1676 515 1762 ’φησὶν
538 1670 766 1759 ὀνομάζεσθαι
789 1675 897 1763 σχῆμά
917 1701 951 1743 τι
972 1683 1126 1764 τραγικῆς

98 1773 268 1866 ὀρχήσεως,
294 1798 376 1863 quae
398 1787 542 1863 apertum
561 1788 611 1845 est
627 1778 784 1864 pertinere
801 1780 842 1848 ad
861 1774 1030 1865 οὐρανίαν,
1054 1803 1126 1866 spe-

97 1890 237 1966 ctantque
255 1881 391 1947 sortasse
409 1880 450 1946 ad
470 1878 639 1967 Sophoclis
656 1881 857 1948 Nausicaam.

534 2119 585 2175 Vs.
604 2119 680 2174 1507.

196 2258 245 2344 μὰ
262 2256 320 2325 τὸν
338 2254 394 2325 Δί’
412 2253 507 2325 οὐδέν
524 2253 551 2344 γ’
569 2254 650 2325 ἄλλο
669 2257 755 2346 πλήν
772 2284 809 2344 γε
827 2264 1007 2373 καρκίνους.

154 2416 205 2481 Ita
221 2414 301 2480 haec
318 2414 352 2478 in
370 2411 518 2492 omnibus
536 2411 625 2479 libris
643 2413 803 2500 leguntur3
831 2414 983 2501 expunxit
1000 2438 1037 2501 ys
1054 2424 1127 2500 post

95 2515 184 2585 οὐδὲν
207 2518 403 2596 Brunokius,
427 2538 523 2603 quem
544 2539 617 2582 oum
639 2516 709 2582 aliis
733 2527 886 2602 sequutus
909 2540 990 2583 sum.
1033 2516 1127 2582 Nunc

101 2622 236 2709 suspicor
255 2620 390 2686 alterum
410 2621 517 2707 potius
538 2643 589 2707 ys,
611 2620 698 2706 quod
719 2630 793 2706 post
813 2618 899 2707 πλὴν
921 2620 1049 2708 legitur,
1073 2621 1128 2687 de·

99 2726 220 2791 lendum
237 2747 319 2803 esse,
338 2733 466 2811 poetam
484 2731 590 2790 autem
608 2723 774 2809 scripsisse

180 2851 305 2938 μανὸν
323 2847 379 2919 Δί’
397 2847 491 2918 οὐδέν
508 2848 537 2937 γ’
554 2846 623 2918 ἀλλ’
641 2847 710 2940 ὁρῶ
729 2848 815 2939 πλὴν
832 2856 1017 2941 καρκίνους·

99 2984 200 3069 Neque
233 2982 318 3049 enim
349 2990 480 3067 apparet
509 2980 593 3045 unde
629 2981 830 3047 aecusativus
866 3004 1039 3069 suspensus
1076 2983 1126 3048 sit.
1194 3046 1199 3058 ,

100 3087 251 3174 Bergkius
269 3083 412 3150 tentabat
430 3081 515 3170 πλήν
532 3107 569 3169 γε
586 3088 760 3170 Καρκίνου.

536 3320 587 3376 Vs.
605 3320 682 3376 1509.

220 3462 316 3530 τουτὶ
333 3449 422 3547 τίῆν
439 3457 477 3526 τὸ
496 3463 706 3548 προσέρπονς
725 3456 795 3542 ὀξὶς
812 3456 835 3547 ἢ
852 3458 999 3548 φάλαγξς
1111 3533 1113 3535 ,

161 3617 340 3684 Carcinitae
354 3637 428 3681 eum
446 3613 610 3682 acetabulo
629 3615 820 3702 comparatio
838 3636 991 3700 quorsum
1010 3623 1131 3701 spectet

103 3743 187 3787 nemo
219 3720 323 3787 adhuc
348 3719 393 3784 ita
419 3718 540 3796 docuit,
576 3728 611 3782 ut
641 3718 838 3784 satisfecerit
886 3716 924 3785 Si
951 3728 1131 3805 corruptum

104 3847 212 3890 nomen
228 3833 286 3903 est,
304 3823 440 3888 fortasse
459 3817 538 3899 ὠτὶς
556 3820 756 3888 scribendum
762 3847 771 3900 3
790 3819 822 3885 id
840 3821 908 3887 avis
926 3844 1042 3888 nomen
1060 3843 1131 3888 esse

103 3937 220 3994 constat
252 3925 385 3992 ridiculo
415 3924 559 3990 imitandi
590 3924 695 3990 studio
727 3919 945 4012 (ἀντορχήοει)
978 3924 1131 3992 famosae.

105 4028 141 4096 V.
159 4030 360 4097 Athenaeum
378 4026 444 4093 IX.
461 4050 493 4114 p.
513 4026 587 4093 990.
607 4049 677 4113 squ.
