2859 4909
512 396 663 454 NUBES.
1066 389 1108 455 79

84 533 300 626 κᾶιιελήφθης,
322 537 478 621 siquidem
497 559 609 603 sensus
628 548 676 603 est
693 541 728 604 iu
738 539 829 624 furto
847 542 1047 628 deprehensor
1066 568 1107 621 es,

86 642 187 726 inquo
204 640 356 707 sententia
374 635 446 707 εἶτα
464 641 569 706 minus
587 639 672 707 recte
691 642 809 707 dictum
827 643 962 711 videtur.

512 828 563 883 Vs.
582 829 659 884 1165.

414 928 468 999 ἶν’ῑε
488 957 548 1000 σου
566 933 711 1020 πατρός·

415 1030 467 1102 dd'
484 1034 606 1115 ἐκεῖνος
624 1033 715 1125 ἀνήρ.

137 1156 205 1222 Hos
222 1179 335 1222 versus
353 1157 469 1222 rectius
488 1156 541 1222 alii
559 1179 632 1222 cum
648 1155 852 1245 Strepsiadae
871 1158 1011 1225 oratione
1028 1181 1105 1224 con-

84 1260 213 1345 iungunt.
248 1260 309 1327 Vs.
326 1259 420 1325 1184.
439 1259 510 1325 dele
523 1282 605 1345 quae
620 1262 733 1349 scripsi
745 1262 785 1327 de
804 1256 896 1348 αὕτη.
933 1260 993 1328 Vs.
1010 1262 1104 1327 1194.

85 1362 264 1447 repudianda
285 1374 335 1427 est
356 1373 483 1449 recepta
504 1387 524 1428 a
545 1363 637 1429 nobis
661 1364 817 1452 scriptura
844 1362 1103 1443 διαλλάττοιντο,

86 1487 139 1548 qua
154 1466 191 1532 dc
206 1488 240 1531 rc
258 1466 421 1531 admonuit
439 1466 646 1534 Biichelerus.

512 1653 561 1708 Vs.
581 1653 658 1709 1275.

84 1767 147 1824 ΑΜ.
164 1760 251 1845 ληρῶ
269 1755 312 1823 τὰ
328 1753 464 1846 χρήματ’
482 1753 665 1843 ἀπολαβεῖν
684 1758 714 1825 εἰ
730 1758 895 1844 βούλομαι
901 1788 912 1842 ‚-

83 1870 135 1927 ΣΤ.
153 1857 208 1927 οὐκ
226 1857 300 1928 ἴσθ’
319 1857 413 1940 ὅπως
431 1859 470 1927 σύ
488 1856 516 1947 y'
533 1857 633 1940 αὐτὸς
652 1857 819 1950 ὑγιαίνεις.
863 1871 939 1930 AM.
961 1866 996 1929 τί
1014 1862 1086 1943 δαίς

83 1973 135 2030 ΣΤ.
152 1961 207 2032 τὸν
225 1962 405 2051 ἐγκέφαλον
424 1957 539 2051 ὥσπερ
558 1969 738 2032 σεσεῖσθαί
754 1989 815 2048 μοι
833 1964 949 2044 δοκεῖς.
1170 1953 1174 1962 ’

134 2084 302 2172 Ingeniosc
323 2084 528 2149 Hennannus
551 2086 687 2150 correxit
708 2084 748 2151 σύ
767 2079 795 2170 γ’
811 2074 914 2164 αὖθις
930 2080 1100 2172 ὖγιαίνσις,

82 2188 132 2253 uisi
150 2188 234 2272 quod
256 2187 373 2252 rectius
391 2186 551 2272 Bergkius
574 2188 700 2275 scripsit
722 2183 877 2274 ὖγιανεῖς.
919 2210 984 2253 non
1006 2187 1102 2253 credo

22 2369 23 2372 Ἴ
82 2302 173 2356 tamen
197 2290 318 2375 aliquid
344 2288 532 2353 mutandum
559 2312 645 2369 esse,
681 2290 777 2357 modo
803 2292 882 2356 hacc
907 2294 1004 2355 verba
1028 2312 1102 2354 cum

82 2394 224 2480 Amyniae
243 2391 349 2459 verbis
369 2393 608 2479 coniungantur,
627 2417 684 2480 pro
702 2398 737 2460 τί
754 2392 811 2459 δαί
828 2403 933 2459 autem
948 2391 1103 2458 scribatur

83 2495 123 2561 ἰαί
136 2498 228 2582 idque
244 2495 448 2582 Strepsiadac
466 2497 600 2562 orationi
618 2491 817 2584 adiungatur,
836 2507 871 2561 ut
888 2495 935 2562 sic
951 2494 1101 2582 procedat

82 2600 272 2685 colloquium:
301 2611 332 2663 tu
355 2622 403 2664 me
425 2600 556 2663 delirare
578 2598 673 2664 dicis?
698 2604 759 2665 imo
778 2603 893 2687 tuipse
909 2623 987 2664 suna
1004 2610 1102 2663 ructo

81 2727 131 2768 ron
154 2727 192 2769 eo.
237 2702 322 2768 Turn
347 2700 562 2787 Strepsiades‚
589 2726 657 2778 cae,
683 2703 799 2788 iuquit,
826 2703 944 2769 cerebro
968 2703 1101 2767 laboras.

81 2804 233 2872 Praeterea
259 2828 317 2892 pro
344 2799 459 2892 ὥσπερ
488 2806 596 2870 nescio
628 2830 669 2870 an
701 2795 782 2892 ὦνερ
814 2805 1016 2872 scribendum
1050 2805 1100 2883 sit,

81 2933 135 2988 ναι,
158 2910 327 2986 rothomo,
355 2910 525 2974 cerebrosus
548 2932 592 2985 ec,
620 2909 705 2993 quod
729 2909 811 2973 mihi
833 2909 917 2975 edito
939 2918 1100 2995 praestare

82 3013 200 3092 videtur3
225 3034 329 3097 neque
348 3016 526 3079 σεσεῖσθαι
544 3011 598 3077 tali
616 3012 786 3078 lenimento
804 3012 946 3099 indigere
964 3012 1101 3079 ostendit

83 3114 204 3182 Acheru.
225 3117 276 3181 12.
296 3121 371 3194 πῶς
388 3110 475 3183 τοῦτ’
494 3113 602 3183 ἔσεισέ
619 3139 683 3199 μον
703 3116 811 3194 δοκεῖς
827 3112 885 3205 τὴν
903 3114 1057 3203 καρδίανς

510 3302 560 3359 Vs.
580 3303 657 3358 1351.

85 3401 137 3471 ἀλλ’
152 3406 186 3489 ἐξ
201 3402 279 3474 ὅσον
298 3403 337 3473 τὸ
356 3412 490 3495 πρῶτον
508 3403 626 3495 ἤρξαθ’
643 3404 663 3496 ἡ
681 3407 769 3494 μάχη
788 3411 954 3493 γενέσθαι,

86 3507 130 3597 χρὴ
146 3508 181 3599 ὀὴ
199 3514 303 3598 λέγειν
321 3507 408 3596 πρὸς
424 3508 481 3578 τὸν
496 3505 610 3596 χορόν·
629 3510 765 3589 πάντως
784 3510 935 3602 δὲταῦτα
953 3506 1098 3597 δράσεις.

135 3631 178 3696 Ita
194 3633 274 3697 haec
296 3631 396 3710 edidi3
424 3631 522 3718 vulgo
545 3631 814 3697 consentientibus
837 3629 925 3696 libris
947 3628 988 3694 R.
1008 3627 1098 3698 etv.

89 3725 133 3819 ἤδη
153 3732 332 3821 λέγειν’χρὴ
357 3732 444 3821 πρὸς
463 3732 578 3819 χορόν,
606 3735 777 3800 deteriores
799 3733 871 3800 libn‘
893 3732 1011 3799 habent
1036 3727 1098 3819 ἤδη

90 3833 133 3921 χρὴ
150 3839 247 3923 λέγειν
268 3835 355 3926 πρὸς
377 3834 435 3904 τὸν
454 3836 564 3925 χορόν.
608 3836 661 3904 Ac
679 3860 756 3903 sune
774 3836 925 3903 articulus
942 3835 984 3901 ad
998 3836 1099 3922 χορόν

21 3927 22 4004 ἶ
92 3948 127 4001 cst
141 3941 340 4007 necessarius.
386 3939 454 4007 Sed
475 3940 569 4007 credo
591 3964 676 4006 nnnc
697 3941 810 4005 vitium
832 3939 929 4005 latere
951 3940 984 4004 in
999 3938 1100 4024 χορόν

21 4041 22 4100 3
93 4040 325 4128 scribendumque
355 4046 467 4130 opinor
498 4044 538 4109 ad
565 4045 754 4131 optimorum
781 4043 873 4108 codd.
900 4042 996 4109 fidem
1022 4039 1100 4129 ἡμῖν

21 4149 22 4200 ἒ
94 4141 170 4227 λέγειν
179 4144 236 4234 χρὴ
249 4144 336 4232 πρὸς
351 4147 447 4235 χάριν
460 4148 481 4212 ἱ.
498 4169 525 4213 c.
539 4142 616 4233 ἡμῖν
627 4144 844 4233 χαριζόμενόν
858 4170 895 4212 σε
906 4143 968 4234 χρὴ
984 4148 1098 4232 λέγειν,

94 4244 139 4308 nisi
153 4249 260 4315 sufficit
277 4251 434 4337 corrigere
451 4244 513 4338 ἤδη
533 4252 637 4336 λέγειν
653 4247 714 4337 χρὴ
733 4246 820 4338 πρὸς
836 4249 941 4335 χάριν.
