2859 4909
517 396 722 463 EQUITES.

556 535 607 592 Vr.
626 536 686 591 193.

213 640 277 710 ἄλλ)
294 642 342 720 εἰς
359 637 478 727 ἀμαθῆ
496 644 553 707 καὶ
568 641 741 728 βδελυρόν·
760 637 844 708 ἀλλὰ
860 639 906 730 μὴ
925 650 1035 732 παρῇς

212 741 234 813 ό
250 770 305 812 σοι
323 739 455 812 όιόόασ’
473 742 506 811 έν
523 757 594 824 τοῖς
611 747 772 831 λογίοισιν
791 744 824 812 οἱ
840 750 929 812 θεοί.

175 869 239 933 Aut
258 866 352 932 fallor
372 875 427 931 aut
448 865 528 931 haec
549 863 647 931 verba
668 866 781 932 vitium
798 866 887 932 alunt
904 891 923 933 a
941 868 1056 933 criticis
1074 891 1138 936 non

121 971 369 1037 animadversum.
409 968 559 1034 Proxime
576 968 655 1034 haec
672 970 863 1035 antecedunt
879 970 977 1036 verba
993 966 1013 1057 ἡ
1033 970 1139 1057 δημα-

122 1079 211 1161 γωγία
226 1070 287 1161 γὰρ
307 1067 345 1138 οὗ
360 1068 447 1160 πρὸς
459 1076 619 1156 μουσικοῦ
639 1069 645 1158 Ι
665 1068 707 1139 έτ)
724 1070 812 1139 έστὶν
829 1068 949 1161 ἀνδρὸς
967 1069 1043 1140 οὐδὲ
1058 1100 1138 1163 χρη-

122 1184 189 1245 στοῦ
204 1173 279 1255 τοὺς
296 1175 458 1263 τρόπους,
481 1175 597 1261 quibus
619 1197 682 1259 quo
700 1187 794 1262 paeto
812 1176 901 1242 salva
919 1186 1074 1242 structura
1090 1178 1139 1241 in-

120 1281 182 1347 ferri
205 1280 306 1368 possit
332 1274 401 1344 ἀλλ’
426 1277 474 1357 εἷς
500 1273 618 1364 ἀμαθῆ
644 1280 699 1344 καὶ
720 1278 891 1364 βδελυρόν,
920 1302 1013 1344 nemo
1034 1280 1139 1346 adhuc

120 1384 220 1450 docuit.
253 1382 475 1469 Supplendum
492 1403 564 1447 esse
582 1381 690 1448 dicunt
708 1379 876 1468 ἐλήλυθεν.
907 1381 1000 1447 Talia
1017 1383 1045 1447 si
1063 1406 1138 1469 aup-

121 1488 187 1576 pleri
203 1495 350 1573 possunt,
373 1508 438 1551 non
456 1485 548 1550 video
567 1485 713 1569 equidem
731 1485 808 1569 quid
825 1508 889 1551 non
907 1485 1053 1572 supplere
1070 1486 1138 1551 liei-

119 1606 174 1656 tum
195 1591 245 1656 sit.
291 1587 399 1671 Quare
421 1587 526 1654 locum
549 1600 732 1675 corruptum
754 1610 825 1653 esse
846 1610 911 1653 non
928 1587 1054 1667 dubit03
1080 1612 1138 1676 pro

120 1688 232 1760 όιόόαό
252 1692 334 1758 Rav.
353 1691 469 1775 aliique
488 1690 613 1757 codices
632 1690 750 1757 habent
769 1690 933 1771 διδόασιν,
955 1692 1040 1758 unde
1059 1693 1137 1758 scri·

116 1797 241 1865 bendum
256 1795 396 1862 videturr

208 1911 275 1984 ἀλλ’
293 1914 341 1994 εἷς
359 1910 478 2001 όιμαθῆ
496 1915 552 1980 καὶ
567 1911 726 2000 βδελυρὸν
743 1903 831 2001 ἧκεν·
851 1909 936 1981 ἀλλὰ
952 1912 997 2002 μὴ

206 2025 316 2107 παρῇς
335 2012 357 2084 ό
375 2042 429 2085 σοι
448 2016 599 2085 όιόόασιν
617 2014 650 2083 έν
668 2018 793 2103 λογίοις
811 2023 899 2096 θεοί,

117 2143 160 2208 cll.
175 2141 257 2206 Plut.
276 2140 352 2205 919.
377 2134 493 2205 οόκοῦν
516 2134 638 2217 έκεῑνός
659 2131 722 2221 εἰμ’
739 2134 817 2223 ἐγώ·
842 2131 918 2204 ὥστ’
935 2137 983 2217 εἰς
1001 2133 1049 2222 ἔμ’
1065 2133 1136 2225 ἥκει

116 2251 167 2333 τῆς
187 2243 316 2322 πόλεως
337 2240 380 2309 τὰ
402 2239 591 2328 πράγματα.
636 2240 800 2328 Legitima
817 2251 974 2308 structura
990 2241 1085 2307 etiam
1103 2242 1138 2312 in

117 2347 310 2434 sequentibus
327 2345 444 2411 violata
462 2354 523 2410 est:

152 2475 221 2548 πῶς
239 2464 321 2555 δῆτά
340 2460 417 2553 φηό
434 2459 453 2531 ό
469 2463 632 2552 χρησμός,·
669 2470 748 2530 ΟΙΚ.
773 2452 809 2530 τό
827 2461 864 2551 νὴ
881 2459 959 2544 τοὺς
978 2462 1080 2543 θεοὺς

153 2574 204 2639 καὶ
220 2570 382 2648 ποικίλως
398 2592 473 2647 πως
490 2569 546 2632 καὶ
564 2571 680 2653 σοφῶς
697 2562 877 2655 ᾐνιγμένος.

117 2692 199 2776 Quae
218 2691 259 2757 ad
281 2688 439 2755 emendati
461 2697 493 2753 et
509 2687 596 2753 attici
614 2687 768 2753 sermonis
785 2686 889 2775 legem
906 2687 952 2754 ita
971 2687 1137 2755 scribenda

117 2819 179 2861 esse
195 2794 329 2862 conicio:

153 2922 221 2994 πῶς
238 2914 295 3001 tiri,-
312 2917 348 2979 τί
364 2906 442 2999 φηό
459 2907 477 2978 ὃ
493 2909 657 2998 χρησμός,·
693 2901 773 2977 OIK.
793 2898 829 2976 εὗ
847 2908 885 2996 νὴ
902 2909 981 2991 τοὺς
998 2913 1102 2990 θεούς
1127 2986 1132 2991 ,

152 3021 202 3085 καί
219 3017 379 3095 ποικίλως
396 3038 471 3092 πιυς
488 3016 545 3080 καὶ
563 3017 679 3100 σοφῶς
695 3008 860 3101 ᾐνιγμένα.

553 3198 604 3255 Vs.
623 3198 684 3254 210.

231 3308 288 3376 τὸν
308 3297 365 3375 οὖν
384 3303 546 3393 δράκοντά
564 3327 648 3392 φησι
665 3301 723 3371 τὸν
739 3304 922 3393 βυρσόετον

230 3410 294 3501 ἤδη
310 3410 495 3499 κρατήσειν,
516 3407 594 3474 α’ίκα
610 3405 655 3493 μὴ
673 3408 821 3495 θαλφθῇ
839 3407 960 3493 λόγοις.

170 3535 218 3601 lta
242 3533 323 3598 haec
349 3532 413 3596 iam
440 3529 517 3594 olim
541 3529 575 3593 in
601 3528 735 3615 Bergkii
756 3527 874 3593 Annal.
895 3526 1030 3614 Antiqu.
1054 3529 1138 3603 stud.

118 3637 199 3703 1843.
225 3660 256 3723 p.
280 3636 354 3702 294.
383 3631 549 3699 scribenda
575 3653 648 3697 esse
674 3631 783 3709 docui,
810 3653 888 3696 usus
916 3653 986 3696 eam
1012 3631 1139 3698 iurem

116 3738 242 3826 Etymol.
261 3737 311 3804 M.
329 3759 363 3825 p‘.
382 3737 455 3813 732,
473 3735 526 3800 30.
545 3732 616 3800 έοτι
633 3738 732 3800 τοῦτο
751 3733 859 3813 δεῖξαι
878 3729 948 3801 όιπὸ
967 3734 1137 3801 διαλέκτου

118 3834 163 3908 ότι
182 3839 231 3929 (τὸ
255 3840 346 3926 σύγε)
375 3837 407 3905 έν
428 3842 529 3923 μέρος
551 3836 650 3923 λόγου
674 3834 775 3915 ἐστίν,
804 3834 920 3923 ἐπειδὴ
944 3835 977 3903 αἱ
998 3847 1140 3927 Δωριεῖς

118 3944 190 4031 σόγα
201 3941 329 4032 (τόγαό)
344 3944 509 4028 λέγουσιν·
527 3939 558 4006 εἰ
572 3940 608 4007 δὲ
621 3929 704 4027 ἦσαν
723 3939 784 4006 όόσ
796 3943 879 4027 μέρη
894 3939 1004 4026 λόγου,
1024 3938 1082 4008 οὐκ
1101 3938 1140 4007 όν

118 4041 210 4128 οότιυς
223 4048 346 4133 έλεγον·
366 4042 424 4111 ἐπὶ
437 4042 500 4131 γὰρ
515 4043 697 4127 συνδέσμου
715 4038 752 4108 οὗ
766 4047 929 4131 τρέπουσι
941 4041 981 4111 τὸ
1000 4069 1016 4111 ε
1035 4044 1083 4124 είς
1101 4064 1139 4110 α·

118 4144 184 4215 utut
206 4149 267 4237 γὰρ
293 4155 353 4217 τοῦ
375 4149 435 4232 μὲν
458 4147 640 4230 συνδέσμου
663 4140 686 4232 ἢ
707 4150 767 4212 τοῦ
791 4146 827 4212 δὲ
849 4143 887 4213 τὸ
912 4171 928 4214 ε
950 4151 1137 4234 τρέπουσιν.
1206 4135 1212 4141 ’

118 4248 179 4318 ἔστι
203 4254 237 4320 ut
264 4251 385 4332 εἰπεῖν,
419 4246 471 4319 ότι
497 4256 605 4329 κακῶς
631 4250 781 4335 λέγουσι’
816 4250 961 4337 καὶγὰρ
985 4247 1042 4315 ἐπὶ
1065 4270 1141 4318 συν-
