2859 4909
456 376 793 436 ACHABNENSES.
1123 371 1145 436 3

116 514 360 605 ύύηφύγουςτε
382 518 438 583 καὶ
461 516 674 607 οἰνόφλυγας,
697 521 862 608 oppositos
885 543 956 589 esse
977 534 1050 602 τοῖς
1072 524 1145 590 λαι-

115 632 247 700 καοταῖς
263 622 371 687 τεκαὶ
388 622 625 708 καταπύγοσιν,
646 646 838 710 sensumque
856 648 928 691 esse
944 624 1040 704 hunc,
1059 627 1145 714 apud

115 724 226 790 Persas
253 732 411 811 potatores
437 735 470 791 et
490 726 669 814 phagones,
696 726 783 813 apud
804 726 1017 795 Athenienses
1039 740 1146 796 autern

113 828 253 913 pathicos
289 838 321 893 et
354 827 585 915 καταπύγονας
619 830 652 895 in
682 830 822 896 virorum
851 854 983 898 numero
1013 834 1145 900 censeri.

111 930 283 997 Enimvero
305 944 449 1017 apertum
471 942 520 998 eat
541 932 659 999 ironice
676 932 765 1018 loqui
780 932 991 1021 Dicaeopolin
1008 957 1145 1022 eumque

111 1033 170 1099 hoc
196 1035 315 1111 dicere,
347 1033 562 1101 Athenienses
589 1059 654 1101 non
680 1035 780 1102 latum
805 1060 947 1125 unguem
972 1038 1146 1105 differrem

112 1136 227 1215 Persis,
247 1137 302 1222 qui
320 1147 465 1203 strenuos
483 1149 643 1225 potatores
661 1162 719 1226 pro
737 1140 813 1206 viris
831 1140 978 1208 habeant
1020 1141 1146 1207 Eadem

110 1240 226 1305 ironiae
245 1240 352 1326 specie
369 1264 448 1307 usus
470 1251 521 1307 est
540 1252 636 1328 poeta
652 1265 683 1308 v.
702 1243 754 1308 72.
777 1241 833 1308 ubi
850 1242 955 1330 legato
973 1254 1146 1329 conquesto

86 1329 341 1432 ’ἐτρυχόμεσθα
368 1356 428 1409 etc.
455 1343 662 1432 Dicaeopolis
687 1345 876 1431 respondet:
913 1344 1047 1434 σφόδρα
1072 1342 1143 1434 τᾶρ’

112 1444 278 1532 ἐσωζόμην
301 1444 376 1532 ἐγώ.
419 1448 567 1515 Novitius
590 1448 716 1541 dicendi
738 1471 816 1514 usus
838 1448 913 1515 talia
933 1471 992 1535 per
1011 1449 1146 1515 interro-

112 1551 270 1637 gationem
288 1550 400 1617 efferre
417 1551 507 1629 solet,
526 1562 562 1616 ut
579 1552 608 1617 si
625 1552 727 1618 dicas:
752 1550 827 1617 Die
844 1550 983 1619 Perser
1000 1575 1145 1619 nennen

111 1678 176 1720 nur
215 1654 286 1721 den
325 1654 435 1720 einen
470 1654 603 1734 Mann,
643 1656 708 1721 der
742 1655 892 1743 tiichtig
926 1678 1037 1723 essen
1071 1655 1145 1721 und

112 1758 261 1823 trinken
292 1757 411 1836 kann3
445 1757 512 1822 wir
537 1757 627 1824 aber
651 1781 799 1824 nennen
825 1758 889 1824 ihn
914 1758 1010 1825 wohl
1026 1759 1145 1836 ,einen

112 1861 256 1926 Bruder
280 1859 523 1925 Liederliahi
564 1861 678 1946 Itaque
708 1860 808 1927 habes
834 1862 964 1947 quidem
989 1862 1143 1949 opposita,

114 1965 167 2029 'sed
182 1964 265 2029 inter
281 1958 403 2052 ἄνδρας
421 1973 453 2029 et
470 1963 709 2050 καταπύγονας,
729 1986 794 2030 non
810 1965 891 2030 inter
906 1961 985 2044 τοὺς
1002 1967 1145 2032 πλεῖστα

113 2067 308 2151 δυναμένους
343 2079 461 2156 φαγεῖν
496 2092 533 2134 τε
571 2069 628 2133 καὶ
669 2079 760 2134 πιεῖν
799 2079 832 2133 et
869 2064 1051 2146 λαικαστὰς
1089 2070 1145 2133 καὶ

113 2170 351 2256 καταπύγονας,
380 2181 416 2235 ut
441 2170 547 2237 nullus
575 2170 616 2235 sit
641 2170 731 2237 locus
757 2170 984 2258 parallelismo,
1015 2170 1144 2255 qualem

112 2274 270 2362 Reisigius
293 2273 462 2340 statuebat.

561 2460 611 2516 Vs.
630 2460 690 2515 111.

213 2562 272 2653 ύγε
291 2565 330 2654 δὴ
352 2562 391 2633 σύ
410 2564 541 2655 φράσον
559 2563 635 2650 ἐμοὶ
652 2570 772 2654 σαφῶς
789 2560 875 2651 πρὸς
891 2569 1036 2630 τουτουί.

173 2687 365 2775 Legebatur
376 2684 463 2775 πρὸς
479 2690 624 2774 τουτονί,
644 2684 732 2769 quod
748 2683 915 2750 Dindorfio
932 2693 1054 2760 mutata
1070 2705 1146 2749 con·

109 2792 278 2859 structione
299 2800 373 2878 post
394 2788 469 2875 ἐμοὶ
485 2789 609 2855 illatum
625 2788 764 2865 videtur,
787 2798 823 2852 ut
839 2788 1026 2853 tantundem
1042 2786 1147 2853 valeat

108 2919 204 2981 quam
227 2893 362 2980 simplex
384 2894 510 2959 dativus
532 2896 665 2978 τουτῳί.
710 2889 803 2975 Quae
829 2890 907 2956 mihi
929 2891 1012 2957 iusto
1039 2890 1146 2955 durior

108 2998 324 3086 interpretatio
347 2998 417 3063 visa
439 3007 489 3062 est
509 3017 613 3079 neque
640 2994 681 3060 ob
707 3017 779 3060 earn
804 3016 935 3060 causam
959 2991 1144 3079 probabilis.

109 3101 217 3185 Quare
249 3100 373 3167 Reiskii
407 3099 660 3166 emendationem
693 3098 799 3183 recepi
828 3122 849 3163 a
877 3097 1047 3162 Dindorfio
1080 3118 1146 3161 non

107 3213 386 3271 commemoratam
403 3199 491 3287 πρὸς
511 3207 654 3268 τουτουί.
698 3200 788 3267 Iurat
809 3223 866 3287 per
888 3199 1036 3266 baculum
1059 3198 1146 3283 quod

32 3361 33 3380 ι
107 3308 254 3374 manibus
273 3316 377 3394 gestat
395 3305 599 3391 Dicaeopolis
619 3314 650 3370 et
667 3303 773 3391 legato
791 3313 937 3370 ostentat.

564 3470 690 3548 vaur.

132 3643 136 3652 -
237 3600 294 3664 καὶ
310 3609 382 3665 τοῖν
399 3597 458 3681 μὲν
477 3591 644 3680 εὐνούχοιν
660 3594 718 3662 τὸν
737 3594 847 3682 ἕτερον
863 3598 996 3660 τουτονί

238 3691 335 3789 ἐγῷδ’
356 3695 394 3780 ὅς
412 3699 497 3781 ἐστι,
516 3702 721 3787 Κλεισθένης
740 3694 757 3765 ὁ
776 3703 964 3785 Σιβυρτίου.

171 3822 246 3888 Non
263 3843 414 3909 magnam
432 3820 561 3905 quidem
578 3830 611 3886 at
628 3820 768 3905 aliquam
785 3829 891 3884 tamen
909 3820 949 3884 de
968 3820 1146 3885 sinceritate

106 3926 251 3992 lectionis
278 3925 380 3989 editae
407 3922 573 3989 dubitandi
600 3908 730 3989 causam
756 3922 850 3987 video
876 3922 909 3986 in
936 3944 974 3988 eo
1000 3924 1145 4010 positam,

108 4028 194 4115 quod
215 4027 297 4092 Rav.
319 4049 377 4113 pro
402 4021 440 4105 ὅς
463 4023 534 4094 ἐστι
556 4027 651 4092 habet
675 4019 768 4105 daug
792 4022 872 4093 ἐστί.
918 4025 1031 4111 Itaque
1053 4025 1147 4091 facile

72 4205 79 4214 .
105 4131 221 4218 aliquis
240 4130 375 4196 coniciat
392 4124 459 4196 οἷδ’
480 4124 574 4208 ὅστις
593 4127 679 4208 ἐστί,
703 4128 761 4194 sed
778 4152 889 4195 verum
907 4140 956 4195 est
975 4119 1072 4216 ἐγῷδ’
1093 4123 1147 4196 dat

104 4233 180 4301 aar
196 4234 400 4320 Κλεισθένης
419 4228 437 4299 ὃ
456 4236 644 4323 Σιβυρτίου.

888 4332 932 4399 lit
