2859 4909
512 389 716 455 EQUITES.
1094 383 1138 451 55

117 528 302 616 novelletum,
321 530 343 595 i.
362 551 390 595 e.
408 529 679 618 πηνελλασθήσει,
698 529 863 619 τήνελλα
882 535 1139 604 tibi'occlom-obi·

118 646 166 699 tur.
206 632 311 697 Finxit
333 633 430 720 igitur
451 643 546 720 poeta
566 657 586 699 a
607 633 747 722 τήνελλα
767 634 900 702 verbum
921 638 1135 725 τηνελλάζειν,

117 749 145 801 ut
169 732 288 816 εὖάζειν
314 735 355 802 ah
380 725 439 803 εὖα
464 737 632 815 formatur,
660 748 691 802 et
719 737 819 804 multa
845 739 987 806 eiusdem
1012 744 1138 829 generis

118 840 226 905 similia.
268 838 404 905 Abusus
431 850 481 905 est
506 840 733 927 Aristophanis
759 840 830 907 loco
852 840 965 908 Herm.
987 843 1138 912 Wentzel

119 942 235 1025 Quaest.
252 951 343 1008 metr.
361 965 393 1029 p.
409 942 459 1008 15.
478 945 520 1009 ad
537 943 768 1008 restituendum
785 944 896 1011 incerti
913 949 1051 1015 auotoris
1068 972 1139 1015 ver·

121 1069 178 1113 sum
195 1045 276 1133 apud
292 1045 522 1112 Eudlioherum
539 1046 637 1111 Amal.
655 1045 795 1112 Vindoh.
814 1069 845 1133 p.
864 1047 938 1115 516.

144 1174 156 1195 ⁸
238 1157 352 1223 videtis
368 1156 523 1223 infantem
539 1157 629 1224 Iovis
648 1157 851 1245 Tirynthium
869 1161 1029 1242 tenellum,

121 1270 218 1354 inquo
236 1269 365 1334 sirecte
384 1270 526 1334 tenellum
547 1290 605 1355 pro
628 1271 765 1356 sipillum
786 1271 966 1337 restitutum
989 1285 1051 1354 est,
1074 1301 1138 1345 non

122 1383 209 1437 tamen
220 1371 253 1437 id
266 1371 312 1436 ad
320 1370 482 1459 τήνελλος,
499 1382 535 1436 ut
547 1374 689 1437 victorem
703 1373 869 1461 significet,
887 1378 1029 1443 revocari
1043 1402 1138 1467 posse

121 1485 237 1540 metrum
254 1474 401 1540 ostendit.

553 1627 604 1684 Vs.
622 1627 682 1682 319.

154 1729 186 1819 νὴ
203 1736 266 1798 Δία
283 1727 367 1816 κάμὲ
384 1728 472 1799 τοῦτ’
489 1730 608 1817 ἔδρασε
624 1729 745 1800 ταύτὸν
765 1727 851 1800 ὥστε
868 1737 923 1802 καὶ
939 1740 1042 1823 μέλων

152 1833 327 1918 πάμπολυν
344 1847 417 1914 τοῖς
436 1834 616 1923 δημόταισι
634 1838 689 1901 καὶ
707 1838 819 1923 φίλοις
837 1847 1075 1925 παρασχεθεῖν.

170 1955 352 2021 Dindorfius
375 1952 413 2042 νὴ
436 1960 480 2022 Δί
503 1955 613 2033 edidit,
640 1958 918 2044 grammaticorum
939 1966 1137 2046 quorundum

117 2058 274 2125 doctrinam
298 2067 440 2138 secutus,
463 2055 501 2145 νὴ
525 2064 569 2125 Δί
589 2082 646 2146 pro
668 2057 705 2147 νὴ
729 2066 795 2127 Δία
818 2061 937 2128 dictum
959 2088 1030 2132 esse
1052 2069 1138 2135 affir-

118 2163 270 2241 mantium3
298 2162 401 2227 fateor
422 2185 473 2227 me
496 2186 608 2249 parum
630 2163 705 2228 fidei
727 2163 802 2230 huio
824 2166 984 2233 doetrinae
1010 2168 1137 2252 habere,

118 2287 186 2348 quae
208 2288 270 2349 quo
293 2287 397 2331 errore
419 2275 494 2331 nata
518 2266 558 2331 sit
579 2266 673 2332 facile
698 2266 893 2355 intelligitur.
937 2270 1005 2336 Neo
1032 2281 1138 2340 tamen

118 2366 178 2433 ideo
199 2367 314 2455 dactyli
332 2391 427 2433 usum
444 2367 627 2448 defendam,
651 2370 798 2454 quamvis
818 2358 1012 2437 simillimum
1029 2386 1137 2443 nostro

120 2471 284 2558 exemplum
302 2471 419 2538 habeat
437 2471 633 2559 Hermippus
650 2472 810 2539 Athenaei
827 2474 892 2539 XI.
911 2496 943 2560 p.
961 2475 1036 2542 486.
1055 2502 1085 2543 a.

168 2597 211 2679 τῷ
228 2590 381 2678 Διονύσῳ
399 2592 511 2658 πάντα
527 2589 697 2677 τᾶμαονοῦ
718 2593 839 2677 δίδωμι
853 2593 1016 2680 χρήματα.

110 2702 176 2777 'sed
195 2712 254 2794 hoo
275 2712 368 2776 metri
390 2713 577 2794 necessitate
600 2724 729 2781 coactus
751 2724 846 2801 poeta
867 2715 956 2782 dixit.
1001 2715 1138 2787 Codices

118 2814 269 2881 innostro
295 2815 366 2880 loco
393 2827 517 2901 praeter
542 2816 624 2882 Rav.
653 2840 763 2882 omnes
791 2815 909 2884 habent
935 2820 990 2884 καὶ
1011 2818 1050 2908 νὴ
1073 2829 1139 2890 Δία

117 2913 200 3001 κάμέ,
219 2942 256 2985 ao
274 2941 386 2985 vereor
403 2940 443 2984 ne
460 2919 550 2984 loeus
569 2918 775 3005 interpolatus
795 2921 849 3001 sit,
869 2932 904 2986 ut
921 2944 1074 3008 perquam
1091 2927 1139 2991 in-

118 3031 190 3087 eerta
210 3022 251 3088 sit
272 3022 407 3087 medela.
450 3021 521 3087 Nisi
547 3022 628 3087 forte
655 3022 857 3088 scribendum
884 3036 933 3089 est
957 3026 1030 3113 νήχι
1056 3024 1139 3113 κάμὲ

118 3120 190 3190 τοῦτ’
207 3121 325 3214 ’ἔδρασε
343 3125 394 3191 oll.
409 3123 575 3210 Hesyohio
588 3124 688 3212 Νήχι·
706 3131 770 3205 ναί,
789 3116 809 3213 ἦ
826 3125 902 3213 μήν.
920 3128 966 3193 ita
978 3130 1062 3195 enim
1079 3154 1137 3219 pro

22 3285 24 3312 ὲ
118 3229 161 3294 ναὶ
181 3226 241 3316 μὴν
259 3227 463 3294 scribendum
480 3229 614 3294 videtur.
658 3228 732 3294 Non
750 3252 852 3316 pauca
871 3223 965 3311 ἅπαξ
980 3231 1139 3318 λεγόμενα

22 3325 24 3382 l
120 3332 190 3416 apud
206 3330 458 3418 Aristophanem
478 3332 690 3418 reperiuntur,
714 3332 801 3397 velut
823 3333 909 3417 quod
930 3334 964 3398 in
985 3336 1138 3420 proximis

22 3417 24 3458 ⁵
119 3431 201 3500 habes
213 3435 303 3519 (342)
319 3434 445 3501 ἐ’ναντα.
487 3432 553 3501 Sed
566 3435 701 3516 fortasse
714 3434 882 3500 verborum
897 3438 1139 3523 transpositione

22 3617 24 3624 Ι
119 3533 192 3604 loeus
210 3538 371 3605 sanandus
390 3535 426 3624 νὴ
446 3533 500 3602 Δί’
518 3533 599 3603 αὐτὸ
617 3542 716 3603 τοῦτο
734 3531 809 3621 κᾶμ’
826 3536 970 3623 ἔδρασεν.

555 3705 605 3762 Vs.
623 3707 684 3762 327.

169 3818 297 3897 πρῶτος
316 3806 378 3877 ὢν·
401 3805 420 3877 ὁ
440 3808 472 3876 δ’
485 3806 691 3897 Ἱπποδάμου
711 3815 857 3897 λείβεται
875 3812 1056 3898 θεώμενος.

173 3930 259 3998 Haeo
277 3941 428 3998 constans
446 3941 495 3998 est
512 3931 607 3998 huius
625 3933 761 3998 mominis
782 3935 949 4021 scriptura,
968 3958 1049 4020 quae
1067 3959 1139 4002 cum

120 4028 176 4095 h.l.
189 4046 286 4100 metro
304 4035 468 4101 adversari
485 4035 653 4114 videretur,
672 4025 878 4103 Hermannus
897 4038 1013 4121 aliique
1028 4033 1141 4105 Ἱππο-

22 4143 24 4224 3
123 4131 229 4218 δάμνοο
249 4138 452 4204 scribendum
470 4160 542 4204 esse
560 4139 770 4205 coniecerunt.
810 4140 882 4206 Nom
901 4141 994 4206 oredo
1012 4163 1141 4208 eonces-

22 4279 23 4298 .
123 4257 183 4302 sum
197 4240 293 4307 fuisse
307 4239 526 4326 Aristophani,
545 4251 581 4306 ut
597 4243 759 4329 legitimae
777 4254 808 4308 et
826 4244 866 4309 ab
886 4243 1031 4309 omnibus
1051 4267 1142 4309 usur·
