2859 4909
310 439 377 507 216
739 451 926 511 PLUTUS.

767 590 818 647 Vs.
834 591 897 646 823.

404 711 487 780 έποο
505 706 575 797 μετ’
592 709 672 796 ἐμοῦ
690 711 889 799 παιδάριον,
909 710 965 780 ἵνα
982 710 1070 803 πρὸς
1086 710 1144 782 τὸν
1162 714 1243 782 θεόν

398 816 511 900 ἴωμεν.

371 936 451 1003 Post
473 933 557 1002 ἕπου
575 934 658 1003 Rev,
677 935 766 1003 addit
788 935 838 1017 δέ,
863 936 950 1022 quod
971 936 1269 1025 probut‘Bergkius
1291 937 1343 1003 de·

306 1040 370 1106 lete
387 1038 606 1107 coniunctione
624 1037 688 1105 ἵνα.
734 1036 802 1106 Sed
818 1061 859 1105 ne
879 1040 1071 1125 sicquidem
1091 1041 1172 1109 Rev.
1192 1042 1342 1128 scripture

307 1143 434 1230 probari
451 1151 565 1230 potest,
584 1141 645 1207 nisi
662 1164 791 1209 versum
808 1142 966 1209 excidisse
985 1152 1116 1211 statues.

758 1345 809 1403 Vs.
827 1345 888 1402 826.

437 1467 534 1557 δῆλον
552 1462 607 1536 ὅτι
624 1471 691 1535 τῶν
705 1473 857 1558 χρηστῶν
874 1493 940 1548 τις,
960 1464 1006 1548 ὥς
1024 1467 1147 1549 έοικος,
1166 1466 1205 1537 οἶ.

371 1595 419 1658 Δι’
421 1591 477 1656 λον
504 1582 558 1655 ὅτι
584 1598 616 1655 et
642 1584 688 1667 ὥς
716 1586 826 1669 ἔοικας
851 1590 994 1656 adversis
1020 1590 1178 1656 frontibus
1206 1590 1267 1657 eibi
1293 1612 1338 1655 re-

305 1702 462 1782 pugnant,
489 1713 586 1776 quam
612 1689 653 1757 ob
680 1714 811 1759 causam
836 1703 910 1780 post
938 1691 1034 1780 δῆλον
1058 1687 1112 1760 ὅτι
1134 1694 1226 1781 plene
1247 1694 1338 1760 inter-

305 1793 513 1884 pungendum
531 1803 588 1859 est.

757 1979 808 2037 Vs.
826 1981 887 2036 838.

347 2114 387 2172 Κ.
414 2104 470 2170 καὶ
487 2103 681 2190 κατεγέλων,
701 2091 737 2169 εὖ
756 2098 821 2171 οἷδ’
837 2098 900 2171 ὅτι.
945 2114 984 2173 Δ.
1011 2106 1130 2193 κομιδῇ
1147 2106 1206 2189 μὲν
1226 2095 1305 2177 οὖν’.

349 2203 475 2292 αὐχμὸς
491 2202 555 2295 γάρ
574 2199 620 2273 ὢν
638 2210 704 2273 τῶν
723 2211 903 2296 σκευαρίων
921 2202 954 2292 μ’
971 2204 1152 2276 ἀπώλεσεν.

348 2306 417 2378 ἀλλ’
434 2305 508 2392 οὐχὶ
525 2314 590 2376 νῦν.

367 2431 470 2498 Nemo
491 2429 631 2496 monitus
654 2429 813 2497 dubitabit
835 2431 912 2516 quin
934 2432 1093 2499 secundus
1112 2454 1223 2498 versus
1241 2431 1335 2497 multo
1410 2439 1411 2444 ’

302 2535 419 2603 rectius
435 2532 565 2600 Carioni
582 2555 677 2619 quam
693 2533 783 2600 Iusto
801 2533 966 2601 tribuetur.
1003 2534 1077 2601 Ηοο
1094 2535 1193 2622 igitur
1211 2546 1333 2600 secutus

304 2662 390 2718 eum3
409 2637 503 2704 simul
520 2659 578 2724 pro
595 2632 627 2721 μ’
644 2636 847 2703 scribendum
864 2648 931 2704 erat
949 2632 992 2704 α’.
1029 2636 1125 2721 Quod
1141 2638 1333 2706 Fritzsehiue

302 2743 345 2808 ad
362 2739 558 2826 Thesmoph.
576 2763 609 2826 p.
629 2741 703 2807 247.
728 2741 861 2807 coniecit
880 2737 1003 2826 αὐχμὸς
1020 2739 1082 2829 γὰρ
1101 2736 1205 2821 ὅντως
1223 2765 1334 2809 σκευα-

302 2849 383 2933 ρίων
399 2841 528 2930 probari
544 2864 609 2908 non
626 2852 742 2930 potest.
789 2842 857 2911 cfr.
877 2844 918 2910 ad
935 2842 1026 2911 Aves
1046 2843 1118 2911 724.

755 3030 805 3087 Vs.
824 3030 886 3086 842.

388 3150 427 3222 τὸ
445 3150 620 3239 τριβώνιον
640 3151 676 3219 δέ
693 3157 728 3218 τί
746 3151 882 3219 δύναται
899 3148 985 3239 πρὸς
1002 3157 1068 3220 τῶν
1085 3157 1186 3232 θεῶν,

389 3255 408 3326 ὃ
427 3261 523 3347 φέρει
539 3252 625 3339 μετὰ
643 3260 705 3322 οοῦ
723 3251 762 3321 τὸ
781 3254 961 3343 παιδάριον
977 3261 1072 3322 τουτί
1077 3284 1087 3337 ;
1110 3255 1250 3345 φράσον.

368 3377 456 3463 Quid
472 3376 608 3443 moverit
619 3375 901 3443 Hemeterhusium
918 3386 950 3442 et
967 3375 1022 3462 qui
1039 3376 1124 3443 hunc
1138 3378 1239 3443 secuti
1253 3388 1329 3456 eunt,

301 3494 338 3549 ut
354 3477 440 3570 πρὸς
458 3476 515 3546 τὸν
537 3476 620 3545 θεὸν
642 3477 845 3545 scribendum
867 3487 1028 3566 putarent,
1051 3501 1182 3565 prorsus
1204 3503 1267 3547 non
1287 3481 1332 3545 in·

301 3586 464 3675 telligitur.
499 3581 670 3648 Iustiorem
689 3581 871 3648 offendendi
888 3604 1018 3649 eausam
1035 3581 1114 3647 ulter
1130 3604 1242 3649 versus
1259 3583 1332 3649 mihi

300 3689 452 3779 praebere
470 3685 604 3763 videtur,
623 3685 657 3751 in
674 3707 738 3770 quo
755 3694 840 3751 reete
858 3684 964 3751 omnia
976 3683 1137 3763 haberent,
1157 3686 1185 3751 ei
1199 3685 1241 3751 ed
1252 3683 1332 3771 μετὰ

302 3797 362 3861 σοῦ
390 3791 532 3858 additum
559 3799 644 3857 esset
670 3787 870 3875 participium
898 3784 948 3854 ἰὸν
974 3786 1025 3853 vel
1052 3783 1259 3856 άκολοοθοῦν
1285 3789 1334 3857 vel
1361 3801 1364 3806 ⁴

301 3894 403 3961 simile
421 3893 508 3978 quid.
552 3890 600 3958 At
622 3891 709 3977 quod
730 3914 815 3959 nune
832 3891 947 3978 legitur
964 3912 1028 3956 non
1045 3890 1138 3957 video
1155 3891 1233 3977 quid
1249 3892 1334 3959 aliud

301 3995 480 4085 significare
506 3995 608 4081 possit
634 4016 731 4079 quam
757 3997 841 4081 quod
865 4006 960 4060 tecum
980 3994 1048 4080 sert
1072 3996 1222 4074 ιονοαίαο,
1249 3995 1334 4081 quod

301 4122 397 4170 sensu
423 4118 551 4164 caseum
577 4107 636 4163 eet
690 4095 903 4164 scribendum
930 4094 948 4162 ὃ
977 4100 1072 4186 φέρει
1097 4094 1136 4165 τὸ
1162 4096 1246 4182 μετά
1274 4104 1333 4166 σοῦ

300 4201 482 4291 παιδάριον
507 4204 611 4267 vovet.
665 4198 736 4266 cfr.
762 4198 888 4267 Ecules.
919 4199 1012 4266 1138.
1039 4200 1138 4267 τασδὶ
1162 4199 1246 4285 μετὰ
1273 4206 1332 4270 uoti
1411 4215 1412 4294 ρ

298 4306 359 4387 τὰς
376 4310 543 4394 μείρακας.
