2859 4909
278 348 320 414 16
622 356 961 428 ncusnunusns.

274 501 332 568 ubi
348 524 406 588 pro
424 498 479 567 ἀεὶ
492 499 626 565 Elmslei
643 499 854 565 coniecturam
873 488 915 564 αὖ
933 497 1048 586 recepi,
1066 499 1211 584 praefero
1229 521 1320 566 nunc

274 604 410 692 Reisigii
427 603 679 671 emendationem
697 597 971 687 ἆποκεκαρμένος.

329 699 438 791 'Quod
469 707 577 773 statim
608 706 750 791 sequitur
783 706 869 792 apud
901 705 1152 793 Aristophanem
1185 727 1318 771 carmen

275 810 380 888 chori,
407 811 447 877 de
476 832 514 876 eo
541 808 683 874 infelices
710 808 906 875 coniecturas
932 809 1075 896 profudit
1099 808 1318 887 Hamakerus,

275 913 363 979 velut
384 913 470 998 quod
492 935 621 980 versum
638 912 702 978 836
723 934 788 978 non
812 912 880 977 sine
902 913 1033 979 metrico
1055 913 1130 979 vitio
1153 913 1197 980 ita
1219 913 1319 979 scribi

276 1015 391 1083 voluit:

302 1114 508 1203 εὐδαιμονεῖς
525 1113 704 1206 ἄνθρωπε·
722 1121 774 1196 τίς
792 1114 851 1184 οὐκ
867 1113 978 1205 ἥκοοσ’
994 1112 1077 1185 ὅποι
1094 1123 1271 1207 προβαίνει
1277 1148 1291 1202 ‚-

277 1219 457 1289 Sanissima
472 1220 568 1287 huius
586 1242 697 1286 versus
716 1221 801 1285 utin
819 1221 910 1287 codd.
928 1219 1044 1308 legitur
1061 1222 1215 1308 scriptura
1233 1231 1299 1289 est:

320 1321 511 1410 εὐδαιμονεῖ
525 1320 552 1410 y’
569 1317 769 1409 ἅνθρωπος·
788 1318 847 1389 σύκ
864 1322 1009 1412 ἤκουσας
1021 1321 1061 1391 ,οἷ
1077 1329 1253 1413 προβαίνει
1258 1353 1271 1407 ,·

275 1428 398 1513 inquo
425 1429 453 1494 si
480 1427 557 1513 quid
583 1426 764 1492 novandum
792 1438 854 1506 est,
880 1451 938 1515 pro
964 1422 1107 1515 ἤκουσας
1134 1427 1319 1514 scripserim

274 1525 448 1618 ἠκούσαθ’,
485 1539 521 1597 ut
548 1528 741 1616 Blaydesius
766 1531 880 1609 voluit,
912 1542 1104 1597 nontamen
1128 1542 1164 1596 ut
1190 1542 1320 1617 specta-

276 1645 360 1700 tores
379 1632 561 1719 compellari
579 1632 767 1698 existimm.
811 1633 969 1720 Apertum
992 1642 1042 1699 est
1063 1644 1164 1700 totum
1185 1656 1319 1700 carmen

275 1759 341 1802 non
358 1759 378 1802 a
395 1745 461 1803 toto
480 1736 575 1801 simul
592 1735 688 1801 choro
705 1737 843 1815 recitari,
862 1737 919 1803 sed
937 1736 1069 1824 singula
1079 1746 1227 1822 quattuor
1244 1737 1320 1804 cola

279 1840 350 1905 cani
367 1838 407 1905 ab
422 1838 502 1906 aliis.
547 1839 635 1916 Hinc
648 1839 743 1904 etiam
757 1840 835 1905 nihil
849 1839 920 1905 miri
936 1839 1041 1918 babet,
1060 1840 1146 1925 quod
1162 1841 1195 1905 in
1211 1840 1319 1927 primo

228 1931 231 1936 ’
276 1941 347 2008 οσΙο
364 1950 459 2028 poeta
475 1942 516 2008 de
533 1941 761 2028 Dicaeopolide
779 1942 870 2007 tertia
886 1965 1023 2029 persona
1039 1965 1117 2008 usus
1135 1952 1193 2009 est.

342 2045 410 2111 Nec
431 2046 532 2111 maior
551 2045 726 2111 necessitas
749 2055 798 2111 est
819 2068 868 2111 vs.
892 2046 966 2112 838.
990 2045 1148 2112 scribendi
1175 2041 1233 2112 ούν
1254 2042 1320 2112 τᾶ-

276 2153 370 2236 γορᾷ.
381 2146 413 2229 *)
456 2147 632 2234 Aliquanto
653 2147 816 2213 iustiorem
834 2148 998 2215 dubitandi
1016 2172 1146 2215 causam
1162 2148 1320 2237 praebent

275 2273 359 2336 quae
376 2274 425 2317 vs.
444 2251 518 2318 854.
537 2251 699 2338 leguntur:
1289 2247 1291 2250 ’

320 2349 395 2421 ούύ’
412 2343 515 2432 αὖθις
534 2342 575 2420 αὖ
594 2377 632 2421 σε
650 2353 825 2439 σκώψεται
841 2354 985 2422 Παύσων
1004 2349 1022 2422 ὃ
1041 2353 1263 2443 παμπόνηρος

319 2456 550 2547 Λυσίστρατός
567 2452 595 2522 τ’
612 2454 645 2523 ἕν
662 2452 798 2545 τᾶγορᾆ

275 2560 333 2627 ubi
355 2569 411 2626 sut
432 2560 626 2646 σκώψανται
647 2572 702 2626 aut
721 2556 799 2626 οὐδὲ
817 2565 1046 2649 Λυσίστρατος
1064 2559 1096 2628 ἓν
1119 2557 1245 2651 τάγορᾷ
1267 2563 1318 2629 di-

276 2664 412 2728 cendum
429 2663 530 2729 fuisse
547 2662 752 2728 Hamakerus
770 2664 916 2730 affirmat.
960 2665 1073 2749 Itaque
1096 2688 1152 2751 pro
1169 2665 1316 2734 Παύσων

205 2805 208 2812 .
277 2765 406 2851 corrigit
423 2761 540 2853 παρὼν
554 2776 585 2830 et
598 2765 696 2832 altero
710 2790 805 2836 versu
819 2771 1048 2853 Λυσίστρατος
1066 2764 1109 2834 ἕν’
1126 2766 1159 2835 ἐν
1176 2766 1315 2858 τάγορᾷ.

200 2932 205 2944 ,
274 2867 349 2934 Non
371 2890 522 2952 quaerere
543 2891 627 2934 nunc
652 2880 742 2935 vacat
764 2893 841 2935 num
858 2869 959 2936 Attici
975 2893 1138 2955 nunquam
1155 2873 1200 2940 ita
1216 2873 1316 2940 locuti

278 2971 354 3048 sint,
373 2983 406 3036 at
424 2971 556 3037 seriores
577 2973 744 3058 scriptores
762 2995 825 3038 non
843 2996 928 3051 raro,
952 2995 979 3038 e.
999 2996 1027 3039 c.
1047 2973 1262 3042 Callimachus
1281 2976 1315 3042 h.

276 3073 375 3139 Dian.
391 3074 466 3144 221.
485 3069 562 3140 οὐδὲ
579 3076 638 3159 μὲν
653 3071 777 3142 Ὑλαῖον
793 3100 830 3142 σε
847 3077 903 3142 καὶ
918 3070 1048 3164 ἄφρονα
1062 3073 1181 3145 Ῥοῖκον
1195 3076 1315 3146 ἔολπα.

277 3176 345 3243 Νεο
362 3176 443 3243 bene
462 3187 577 3243 coeunt
594 3178 626 3243 in
645 3178 757 3244 eadem
775 3179 929 3244 sententia
947 3169 1051 3259 αὖθις
1070 3170 1110 3247 αὖ
1128 3191 1161 3248 et
1178 3180 1236 3249 ἔτι.

730 3348 780 3405 Va.
799 3347 860 3403 867.

470 3453 518 3520 νεὶ
535 3448 592 3519 τὸν
607 3447 732 3519 ’Iolcon
750 3451 928 3542 ἕπεχαρίξα
945 3442 998 3538 poi
1018 3455 1097 3535 ξένε.

340 3574 381 3638 In
398 3572 560 3640 codicibus
579 3573 645 3639 fere
663 3572 743 3639 haec
760 3574 804 3638 ita
822 3573 1002 3640 scribuntur
1020 3572 1220 3662 ἐπιχαρίτως
1232 3574 1262 3664 y'
1275 3569 1314 3661 ὦ,

276 3677 310 3740 in
331 3676 412 3742 Rav.
441 3685 547 3742 autem
575 3673 774 3764 ἒπεχαρίεπω
801 3672 829 3761 γ’
855 3666 893 3755 ὦ,
928 3678 1012 3742 unde
1039 3678 1212 3745 Elmsleius
1237 3681 1316 3747 fecit

278 3776 497 3866 ἑπιχαρίτοως
513 3774 541 3864 y’
559 3767 586 3844 ὦ
605 3780 684 3860 ξένε.
720 3778 804 3844 Mihi
817 3779 949 3845 verbum
962 3781 1085 3847 linitum
1098 3783 1203 3869 potius
1217 3806 1315 3868 quam

345 3965 376 4037 ⁴⁹)
402 3967 481 4033 Quae
503 3966 541 4021 ad
558 3966 586 4020 h.
605 3967 625 4020 l.
647 3970 753 4022 tractat
773 3965 952 4023 Hamaherus
973 3968 1060 4024 verba
1080 3968 1205 4023 Pollucis
1222 3970 1250 4040 Ι,
1269 3971 1315 4026 bl).

275 4053 396 4122 ἔμποροι
414 4057 460 4104 καὶ
477 4051 596 4120 κάπηλοι
614 4059 660 4106 καὶ
676 4052 837 4122 μοταβολεῖε
854 4054 884 4107 οἱ
897 4052 986 4125 ὀρθοί
996 4076 1024 4108 τι
1038 4056 1221 4127 πράττοντες,
1240 4057 1270 4109 οἱ
1283 4055 1315 4110 δὲ

275 4137 432 4206 καθήμενοι
441 4138 583 4206 βάναυσοι,
602 4138 679 4193 iniis
691 4155 743 4209 pro
757 4161 785 4193 τι
797 4139 968 4214 πράττοντες
980 4157 1037 4196 non
1051 4139 1233 4216 ἀγοράζοντες
1246 4141 1316 4197 scri·

275 4222 399 4278 bendum
410 4228 460 4294 est,
480 4224 530 4279 scd
540 4225 753 4297 πιπράσκοντες.
