2859 4909
241 327 286 393 20
593 331 926 392 ACHARNENSES.

243 479 397 567 Suspicor
414 476 663 564 Aristophanem
684 475 764 541 haec
785 474 831 540 ita
852 473 1083 551 conformasse,
1105 481 1141 537 ut
1158 472 1287 536 Lama·

242 583 322 651 chus
340 582 442 648 dicata

303 684 385 767 αἰαῖ,
405 682 479 750 οἵαν
496 677 555 750 τίν’
573 678 591 750 δ
609 681 715 770 κήρυξ
728 676 880 769 ἀγγελίαν
897 676 1026 768 ἤγγειλέ
1042 702 1111 763 μοι,
1202 743 1205 747 ,

242 786 448 875 Dicaeopolis
466 797 588 853 autem:

305 888 387 971 αίαῑ,
408 888 483 956 οἵαν
499 884 574 956 τινὰ
593 884 623 955 δ’
641 878 683 955 αὖ
701 913 762 972 μοι
778 889 974 973 προστρέχει
990 911 1042 966 τις
1060 879 1216 972 άχχελῶν,
1297 948 1300 951 ,

243 993 458 1061 interiectione
468 990 543 1060 alut
549 993 583 1058 in
592 991 756 1077 utriusque
769 991 909 1057 oratione
923 1000 1012 1057 extra
1024 1011 1152 1055 versum
1165 985 1285 1073 posita.

688 1160 739 1217 Vs.
758 1160 836 1215 1093.

348 1264 567 1357 ὀρχηστρίδες,
586 1263 629 1333 τὰ
646 1261 785 1354 φίλταθ’
798 1261 979 1353 Ἁρμοδίου,
999 1265 1105 1331 καλαί.

308 1389 485 1455 Enumerat
501 1408 622 1474 praeco
643 1385 797 1471 quidquid
818 1408 923 1452 rerum
949 1385 991 1452 ad
1006 1376 1195 1451 ¹convivium
1221 1382 1285 1448 rite

245 1491 462 1580 apparandum
487 1488 701 1565 necessarium
727 1490 938 1568 existimatur,
974 1509 1145 1572 earumque
1175 1508 1286 1552 rerum
1314 1515 1317 1522 r
1346 1491 1350 1499 '

244 1595 390 1666 recensui
406 1593 460 1659 illo
478 1615 573 1677 quem
591 1592 746 1680 adscripsi
763 1615 857 1659 versu
874 1593 970 1658 finem
987 1592 1129 1679 imponit.
1170 1592 1306 1675 Appa·,
1360 1657 1366 1666 ρ

245 1708 294 1766 ret
316 1707 421 1764 autem
443 1697 542 1761 καλαί
564 1718 627 1762 non
649 1705 733 1761 recte
752 1720 771 1761 a
794 1693 991 1761 substantivo
1014 1718 1071 1763 suo
1089 1694 1285 1760 disiunctum
1391 1753 1393 1757 ,

246 1823 338 1879 esse„
354 1822 457 1884 neque
479 1799 550 1884 quis
572 1797 741 1865 verborum
763 1795 805 1865 τὰ
825 1793 962 1887 φίλταθ’
976 1794 1147 1887 Ἁρμοδίου
1166 1819 1306 1862 sensus,

245 1925 317 1971 esse
334 1903 446 1990 possit,
464 1902 529 1968 ullo
547 1901 641 1967 modo
658 1901 851 1989 intelligitur.
894 1900 1104 1969 Scribendum
1123 1900 1286 1986 suspicorr

351 2000 570 2093 ὀρχηστρίδες,
589 2001 631 2070 τὰ
649 1999 788 2093 φίλταθ’
800 2000 960 2091 Ἁρμόδι’·
979 2000 1017 2072 οὗ
1036 2002 1177 2088 καλά;*)

245 2119 283 2174 ut
301 2131 413 2175 sensus
432 2108 486 2188 sit,
509 2110 691 2183 saltatrices,
714 2110 801 2173 scolii
817 2120 940 2185 centua·
961 2132 1062 2174 οοκαο
1079 2109 1152 2174 hoec
1168 2108 1288 2194 pulcro

247 2209 338 2278 ιυνιίί

693 2346 743 2403 Va
762 2346 839 2401 1143.

463 2451 513 2519 ἰ’τε
533 2449 573 2538 δη
588 2455 758 2538 χαίροντες
776 2449 833 2518 ἐπὶ
852 2449 1027 2538 στρατιάν.’

415 2549 417 2553 ’
464 2552 511 2634 ὥς
529 2552 688 2639 ἀνομοίαν
706 2552 866 2644 ἔρχεσθον
885 2551 972 2622 ὁδόν.

463 2663 511 2745 τῷ
528 2659 587 2743 μὲν
605 2662 713 2725 πίνειν
732 2663 1027 2746 στεφανωσαμένῳ,

465 2762 521 2828 σοὶ
539 2760 575 2827 δὲ
593 2762 693 2848 ῥιγῶν
710 2762 767 2827 καὶ
784 2761 1041 2850 προφυλάττειν,

464 2869 512 2951 τῷ
531 2864 567 2931 δὲ
584 2862 763 2931 καθεύδειν

464 2964 549 3051 μετὰ
566 2967 746 3054 παιδίσκης
765 2962 973 3057 ὡραιοτάτης

465 3065 710 3158 ἀνατριβομένῳ
729 3095 766 3156 χε
784 3069 822 3138 τὸ
845 3071 946 3138 δεῖνα.

270 3271 273 3276 ἢ
313 3189 420 3257 Versu
441 3190 542 3276 primo
564 3191 679 3256 mirum
700 3191 801 3257 videri
813 3202 926 3279 potest
943 3192 1023 3257 illud
1040 3189 1098 3259 ἐπὶ
1115 3193 1287 3281 στρατιάν,

249 3316 348 3378 quum
369 3293 571 3373 Lamachus,
592 3316 657 3359 non
675 3306 780 3359 autem
798 3294 877 3360 alter
899 3296 992 3360 etiam
1017 3296 1050 3360 in
1072 3294 1190 3361 bellum
1211 3319 1289 3383 pro-

249 3396 391 3463 fecturus
410 3397 464 3475 sit,
493 3418 643 3484 quaeres
666 3420 730 3462 non
752 3398 797 3463 ita
818 3398 959 3485 expediri
980 3408 1100 3484 potest,
1125 3409 1161 3465 ut
1183 3423 1289 3487 στρα-

249 3496 306 3566 τιά
333 3500 373 3565 de
394 3498 622 3586 Dicaeopolide
648 3500 768 3566 dictum
795 3500 930 3588 figurato
958 3524 1054 3567 sensu
1080 3501 1286 3590 intelligatur.

249 3601 372 3669 Versus
389 3602 449 3669 iste
463 3603 535 3668 ‘sine
558 3602 653 3669 dubio
677 3626 717 3669 ex
735 3603 888 3690 Euripide
910 3616 1069 3671 assumtus
1092 3615 1137 3683 et,
1160 3616 1195 3670 ut
1217 3605 1288 3671 fieri

251 3703 331 3771 solet
351 3705 385 3769 in
407 3705 607 3790 parodiarum
627 3705 715 3783 lusu,
743 3706 888 3773 dissimili
914 3731 1019 3773 rerum
1042 3709 1137 3774 statui
1160 3717 1300 3775 accom-'

245 3806 396 3873 'modatus
423 3818 481 3874 est.
524 3809 565 3874 In
590 3809 719 3895 reliquis
745 3833 829 3876 nunc
855 3811 1002 3878 revocavi
1024 3812 1187 3899 vulgarem
1213 3834 1287 3880 ver-

252 3933 345 3976 suum
363 3910 518 3990 ordinem,
533 3934 627 3997 quem
645 3913 726 3978 bene
745 3924 850 3980 tuetur
866 3913 1062 3980 Elmsleius,
1095 3915 1191 3981 Unde
1210 3938 1287 3982 vero

321 4075 351 4172 ll)
369 4096 496 4152 Eandem
505 4098 728 4182 emendationem
742 4100 888 4178 proposuit
897 4102 1044 4174 Adolphus
1054 4101 1088 4158 de
1097 4101 1204 4159 Velsen
1213 4101 1287 4156 Mus.
1358 4099 1361 4107 “

251 4183 341 4263 Rhen.
349 4181 404 4240 *vol
413 4181 523 4240 XVIII.
533 4202 561 4255 p.
572 4184 631 4239 129.
