2859 4909
456 379 754 438 LYSIS'I'RATA.

543 517 594 575 Va.
613 519 673 573 742.

253 614 281 690 ὦ
300 618 412 690 πότνι’
427 619 597 691 Εἰλείθυι’
615 621 749 706 ἐπίσχες
766 628 826 691 τοῦ
845 621 956 694 τόκου.

157 726 271 795 Verbis
290 717 317 793 (ι’
335 723 447 797 πότνι’
462 725 643 795 Εἰλείθυια
660 726 734 815 plus
753 727 851 794 semel
868 735 1001 795 utuntur
1017 741 1129 818 poetae

103 831 215 909 comici,
243 830 347 917 prima
367 832 401 896 in
423 828 546 899 πότνια
567 829 736 918 producta,
763 852 846 916 quae
867 854 919 899 res
940 833 1057 902 indicio
1080 846 1132 902 est

102 958 134 1001 ea
147 957 186 1001 ex
202 933 302 1001 nobili
319 933 457 1020 quadam
477 933 591 1021 tragici
606 943 720 1022 poetae
737 932 847 1001 fabula
863 933 1032 1025 desumpto
1049 960 1131 1007 esse.

102 1037 145 1104 Ea
164 1047 271 1103 autem
295 1036 350 1101 vix
372 1036 435 1103 alia
452 1059 524 1103 esse
541 1046 648 1125 potest
664 1059 762 1123 quam
779 1036 944 1125 Euripidis
960 1037 1074 1128 Auge,
1097 1043 1131 1107 in

24 1119 25 1140 ¹
103 1145 158 1225 quo
173 1141 316 1206 dramate
333 1149 428 1226 poeta
444 1140 566 1227 Augen
583 1141 616 1206 in
634 1140 752 1228 templo
770 1139 936 1207 Minervae
956 1145 1133 1229 parturien-

104 1259 157 1309 tem
182 1253 214 1310 et
240 1243 391 1330 Ilithyiae
418 1265 512 1330 opem
538 1243 759 1331 implorantem
781 1243 909 1310 fecerat.
952 1246 996 1314 V.
1021 1242 1130 1313 Schol.

102 1345 257 1435 Aristoph.
276 1346 358 1411 Ran.
380 1346 474 1412 1112.
520 1344 626 1413 Credo
648 1356 756 1413 autem
777 1356 879 1413 totum
900 1345 986 1416 hunc
1002 1370 1131 1416 versum

102 1448 256 1536 Euripidis
280 1471 368 1527 esse,
390 1449 442 1515 cui
465 1449 638 1537 suspicioni
654 1472 695 1515 ne
712 1450 784 1535 quis
802 1471 951 1518 numeros
969 1451 1132 1520 adversari

104 1552 207 1632 credat,
225 1552 416 1639 Euripidem
434 1575 495 1641 ego
513 1551 629 1635 ἐπίσχε
649 1552 815 1640 scripsisse
833 1553 988 1641 suspicor.

515 1701 518 1708 ⁴
545 1687 596 1744 Vs.
616 1687 676 1743 760.

178 1791 242 1879 ἐγώ
262 1788 295 1861 δ’
310 1788 379 1861 δπὸ
396 1798 463 1861 τῶν
479 1792 628 1881 γλαυκῶν
645 1815 682 1879 γε
699 1788 826 1860 τάλαιν’
842 1788 1036 1882 ἀπόλλυμαι

177 1908 253 1976 ταῖς
271 1892 487 1984 ἀγρυπνίαισι
503 1894 778 1980 κακκαβαζουσῶν
796 1892 859 1964 tet.

157 2016 256 2084 Recte
279 2016 360 2082 vidit
380 2016 543 2105 Reisigius
565 2041 602 2104 νε
624 2038 695 2110 non
712 2039 772 2083 suo
794 2016 864 2083 loco
886 2019 1026 2105 positum
1049 2045 1130 2102 esse,

104 2143 189 2206 quare
202 2120 333 2208 corrigit
351 2116 414 2207 ἕνα)
434 2119 471 2186 δέ
487 2114 514 2206 γ’
531 2116 599 2187 ὑπὸ
618 2123 767 2206 γλαυκῶν
784 2115 909 2188 τάλαιν’
927 2118 1129 2210 ἀπόλλυμαι.

105 2222 316 2291 sedantem>
338 2223 437 2290 careri
460 2222 515 2287 vix
539 2233 658 2310 potest3
686 2233 788 2290 certas
815 2223 900 2289 enim
925 2235 1057 2292 noctuas
1083 2228 1132 2292 in-

103 2326 205 2416 telligit
225 2338 335 2416 poeta,
358 2327 392 2392 in
414 2325 553 2413 acropoli
574 2325 834 2406 Atheniensium
861 2336 956 2411 atque
979 2338 1013 2393 ut
1035 2353 1132 2417 supra

104 2427 154 2522 τὸν
171 2426 249 2520 ὄφιν
265 2441 362 2519 poeta
378 2430 515 2509 dixerat,
537 2430 583 2496 ita
603 2428 657 2497 hic
678 2430 774 2496 etiam
796 2428 932 2497 debebat
949 2436 1015 2498 τιῦν
1032 2434 1132 2519 γλαυ-

103 2539 171 2602 aba.
201 2534 327 2619 ‘Itaque
344 2533 469 2600 malim:

182 2634 244 2724 ἐγὼ
264 2638 302 2704 δέ
318 2661 355 2723 γε
372 2641 438 2704 τῶν
455 2636 604 2723 γλαυκῶν
621 2631 747 2703 τάλαιν’
764 2631 956 2721 ἀπόλλυμαι
973 2675 1016 2687 -

103 2734 164 2807 ὑπὸ
181 2741 322 2807 additum
340 2739 381 2807 ab
398 2740 543 2827 imperito
560 2738 702 2816 librario,
712 2731 781 2825 'qui
801 2761 866 2814 non
883 2740 1004 2807 videret
1021 2743 1135 2811 verbo-

103 2863 167 2908 rum
188 2843 331 2910 ordinem
352 2864 424 2911 esse
442 2839 506 2930 ἕνα)
526 2842 563 2909 δέ
579 2865 616 2929 γε
633 2854 708 2921 ταῖς
726 2838 924 2928 ἀγρυπνίαις
941 2840 1133 2932 ἀπόλλυμαι

103 2951 163 3013 auio
181 2948 329 3034 γλαυκῶν
348 2941 401 3013 ἀεὶ
422 2945 708 3030 κακκαβαζουσῶν.
752 2944 897 3012 Verbum
919 2949 1133 3035 κακκαβάζειν

22 3109 23 3138 p
103 3050 219 3136 proprie
242 3050 283 3115 de
305 3050 430 3117 noctuis
453 3049 516 3115 dici
539 3057 677 3128 constat3
700 3070 758 3134 pro
781 3070 819 3115 eo
841 3043 1032 3133 σἰνακράζειν
1054 3054 1133 3120 dixit

22 3153 23 3160 ’
105 3149 275 3219 Menander
290 3152 420 3241 Fragm.
440 3151 533 3219 Com.
552 3152 613 3220 IV.
631 3176 663 3240 p.
683 3152 758 3217 230.
782 3146 821 3219 ἂν
843 3148 947 3239 γλαὺξ
967 3149 1133 3246 ἀνακράγῃ

22 3317 23 3342 ¹
107 3254 304 3341 δεδοίκαμεν,
327 3257 412 3323 unde
433 3256 725 3342 intelligiturrecte
741 3254 893 3322 Fossium
912 3254 1134 3343 Theophrasto

22 3389 23 3452 j
107 3357 193 3427 Char.
211 3359 309 3426 XVI.
325 3366 359 3447 p.
380 3360 431 3439 18,
449 3360 501 3426 17.
519 3358 696 3425 reddidisse
713 3354 774 3424 κᾶν
790 3358 927 3444 γλαῦκες
942 3359 1135 3442 βαδίζοντος

107 3459 197 3529 αὐτοῦ
215 3468 287 3547 (τοῦ
306 3462 564 3547 δεισιδαίμονος)
587 3457 811 3548 σἰνακράνωσι,
833 3460 1061 3548 ταράττεσθαι
1077 3470 1134 3533 καὶ

22 3551 23 3622 l
107 3564 195 3645 εἴπας
221 3560 364 3653 ’Ἀθηνᾶ
395 3560 548 3656 κρείττον’
583 3559 670 3632 οὕτω
702 3564 897 3654 παρελθεῖν.
951 3562 1006 3632 Sic
1038 3568 1134 3651 eninr,¹

22 3749 23 3756 ρ
105 3660 215 3756 Ἀθηνᾶ
236 3673 389 3759 κρείττω,
414 3668 614 3737 scribendum
637 3690 695 3755 pro
709 3664 832 3755 Ἀθηνᾶ
853 3671 1021 3757 κρείττων,
1045 3674 1135 3757 quod

22 3805 23 3850 t
108 3770 176 3838 nihil
193 3784 252 3840 est.
296 3772 381 3840 Nota
399 3782 447 3840 est
464 3772 591 3839 dicendi
608 3771 746 3838 formula
763 3773 797 3837 di
813 3771 959 3837 νιιίίανοί

549 3907 599 3964 Vs.
620 3907 678 3962 776.

210 4010 323 4104 δ’ρνεον
341 4009 414 4082 οὔδ’
432 4010 543 4081 ὁτιοῦν
560 4015 892 4099 καταπυγωνέστερον
910 4009 1004 4082 εἶναι.

164 4135 216 4202 Nil
236 4144 362 4201 mutant
382 4133 455 4201 libri
477 4134 540 4200 nisi
560 4134 646 4220 quod
668 4132 711 4201 V.
730 4138 1058 4223 καταπυγιονίστερον
1080 4137 1138 4217 ha-

110 4231 170 4315 bet3
202 4263 222 4305 a
243 4237 441 4325 καταπύγων
463 4237 697 4326 comparativus
725 4236 879 4303 sumatur
901 4243 1136 4325 καταπυγονιί-

154 4355 502 4411 consummaberunt.
900 4340 921 4405 9
