2859 4909
531 375 684 433 NUBES.

544 512 595 568 Va.
613 514 674 568 662.

244 613 322 707 ὁρᾷς
339 616 362 684 ἃ
380 617 538 701 πάσχεις,
555 618 615 705 τήν
631 643 669 685 ae
686 617 827 706 θήλειαν
844 623 954 704 καλεῖς

243 716 440 806 ἀλεκτρυόνα
456 718 541 787 κατὰ
558 718 658 789 ταύτὸ
676 723 808 789 καὶτὸν
825 719 955 813 ἀρρενα.

164 840 310 907 Vitiatnm
344 853 481 907 metrum
516 842 713 907 emendaturi
747 841 911 911 Porsonus
947 841 1123 934 ἀλεκτρυῶ,

98 943 295 1010 Hermannus
317 955 423 1011 autem
444 946 501 1011 καὶ
522 940 624 1011 ταάτὸ
649 945 746 1011 scribi
766 945 875 1012 voluit.
921 947 1066 1033 Quorum
1092 950 1126 1017 id

97 1048 179 1131 quod
198 1048 400 1114 Hermannus
423 1048 539 1129 voluit,
564 1058 754 1114 structuram
771 1049 866 1115 infert
881 1061 994 1137 poetae
1012 1053 1126 1120 atticae

99 1150 263 1236 elegantiae
285 1152 379 1217 laude
402 1153 458 1217 vix
479 1150 776 1230 commendabilem,
798 1174 895 1237 quam
917 1164 1022 1220 autem
1045 1155 1126 1223 Por·

100 1275 188 1318 sonus
209 1255 356 1340 probavit
377 1265 409 1320 et
430 1256 491 1321 hoc
513 1265 545 1320 et
566 1254 636 1321 aliis
658 1255 737 1321 locis
760 1254 894 1321 formam
921 1267 1124 1338 contractam,

99 1356 202 1421 mirum
212 1366 320 1422 tamen
328 1358 451 1424 nullum
461 1358 529 1423 cius
539 1358 617 1423 alias
627 1357 807 1444 exemplum
816 1360 954 1446 reperiri.
990 1361 1124 1428 Eamob
1181 1349 1185 1354 ⁵

99 1481 218 1526 causam
233 1455 395 1548 ἀλέκτορα
407 1462 539 1540 restitui,
559 1461 644 1546 quod
658 1483 767 1526 verum
778 1483 848 1527 esse
858 1463 951 1528 etiam
962 1465 1126 1548 sequentia

102 1564 259 1628 ostendunt
281 1586 312 1629 v.
332 1565 406 1631 666.
426 1560 673 1651 ἀλεκτρύαιναν,
697 1560 755 1630 τὸν
774 1559 806 1630 d’
822 1563 931 1652 ἕτερον
954 1561 1124 1657 ἀλέκτορα.

102 1663 231 1732 Omnino
247 1664 366 1734 Graeci
378 1676 491 1754 poetae
510 1663 653 1757 ἀλέκτωρ
671 1676 704 1733 et
722 1662 910 1755 ἀλυκνρυοίν
927 1669 1014 1736 nullo
1030 1671 1125 1756 plane

20 1775 21 1780 ’
101 1769 270 1837 discrimine
292 1771 453 1851 dixerunt,
477 1771 641 1858 potuitque
658 1769 892 1856 Aristophanes
915 1794 1010 1857 quam
1029 1797 1126 1861 supra

20 1869 21 1872 '
102 1867 290 1960 ἀλκκτροόνοι
312 1874 450 1952 dixerat,
474 1897 550 1940 mox
572 1885 671 1939 metro
694 1872 823 1939 iubente
840 1874 972 1941 alteram
989 1876 1124 1943 sormam

101 1976 290 2043 substituere.

157 2078 315 2165 Sequente
346 2104 442 2148 versu
473 2080 588 2146 dubius
619 2081 754 2159 haereo,
790 2079 968 2147 Hermanni
993 2082 1125 2169 probem

102 2183 336 2264 distinctionem,
364 2208 406 2250 an
432 2185 514 2249 hane
541 2189 617 2262 πῶς
644 2182 699 2270 δή,
728 2187 809 2271 φέρε
835 2190 925 2268 πῶς,·
969 2196 1006 2252 Σ.
1034 2182 1126 2251 ἀλίκ-

101 2287 210 2374 τρυών,
234 2310 316 2372 quae
339 2311 359 2353 a
379 2288 461 2353 Rav.
485 2292 561 2365 πῶς
582 2309 647 2352 non
670 2280 765 2366 ὅπως
782 2287 953 2374 praebente
974 2289 1125 2355 maiorem

101 2392 394 2468 commendationem
411 2391 517 2457 habet.

545 2560 595 2615 Va.
613 2560 674 2614 712.

347 2668 404 2731 καὶ
421 2663 479 2753 τὴν
496 2664 606 2752 ψυχὴν
624 2663 822 2746 ἐκπίνουσιν,
916 2650 919 2656 ’

347 2771 404 2835 καὶ
420 2766 499 2848 τοὺς
518 2764 626 2857 ὄρχεις
645 2765 839 2849 ίξέλκοοσιν.

156 2889 276 2956 Vereor
301 2912 342 2955 ne
363 2912 428 2955 non
454 2900 539 2955 recte
565 2889 738 2968 Ernestus,
765 2889 816 2953 cui
842 2888 1046 2956 Hermannus
1074 2913 1126 2956 as·

102 3016 202 3060 sensus
233 3004 296 3073 est,
327 2992 427 3058 verba
455 2988 514 3079 τὴν
540 2989 649 3079 ψυχὴν
676 2990 865 3058 ἐκπίνουσιν
892 2992 933 3058 ad
961 2994 1124 3059 saevitiam

102 3098 270 3164 foenebrem
291 3096 527 3163 Corinthiorum
547 3096 709 3175 rettulerit,
730 3094 825 3160 allata
842 3094 1000 3183 Hesychii
1016 3096 1126 3183 glossa

106 3200 380 3288 Ψυχορρόφους.
416 3197 476 3278 τὰς
497 3196 555 3285 τὴν
576 3196 685 3285 ψυχὴν
708 3196 916 3277 ἓκπινούσας.
952 3198 1009 3264 ubi
1026 3221 1124 3284 quum

103 3304 170 3368 nihil
194 3306 233 3369 de
258 3302 511 3370 foeneratoribus
537 3301 679 3380 videam,
715 3300 825 3366 malim
850 3302 929 3367 haec
955 3301 995 3367 de
1021 3301 1124 3368 lamiis

102 3407 281 3494 strigibusve
304 3405 515 3492 interpretari,
533 3404 702 3471 infantium
721 3404 908 3491 sanguinem
926 3403 1125 3493 sugentibus.

101 3508 144 3575 Ac
159 3533 197 3576 ne
214 3520 288 3597 apta
305 3510 435 3595 quidem
452 3508 646 3574 foenerariae
663 3508 710 3573 rei
727 3507 769 3573 ad
780 3506 1007 3595 Aristophanis
1020 3508 1126 3574 locum

103 3612 431 3690 estcommemoratio,
459 3612 550 3677 cuius
576 3611 638 3677 hoc
660 3611 828 3677 consilinm
851 3612 925 3691 fuit,
953 3620 989 3676 ut
1012 3610 1126 3677 Corin·

103 3714 225 3782 thiorum
238 3716 384 3783 libidines
399 3725 522 3781 notaret
530 3715 744 3793 acerbissime,
759 3737 846 3781 more
856 3737 914 3781 suo
927 3715 961 3780 in
974 3713 1125 3801 ambiguo

101 3816 212 3885 ludens.
256 3819 364 3904 Quare
387 3819 545 3906 suspicor,
568 3841 641 3883 eum
664 3818 829 3904 scripsisse
851 3820 906 3884 καί
928 3814 985 3904 τὴν
1006 3814 1124 3905 ψωλὴν

105 3916 291 4004 ἐκπίνουσιν,
327 3945 391 4007 quo
417 3922 647 4006 nequissimum
672 3921 834 3986 masculae
860 3921 996 3990 Veneris
1022 3944 1124 4008 genus

104 4021 256 4105 indicatur,
280 4049 300 4091 a
320 4026 451 4112 perditis
471 4023 707 4091 Corinthiorum
729 4024 871 4091 moribus
892 4047 957 4090 non
975 4023 1122 4089 alienum.

108 4122 241 4192 Ceterum
255 4128 363 4217 ψυχὴν
376 4129 444 4195 vitii
459 4136 642 4214 suspectum
657 4149 728 4194 esse
747 4127 841 4193 etiam
858 4151 907 4195 vs.
927 4127 999 4193 719.
1019 4138 1125 4193 osten·

112 4225 175 4292 dere
189 4231 313 4297 videtur.
