2859 4909
310 364 353 429 14
657 374 993 433 AGHARNENSES.

760 514 810 571 Vs.
829 514 889 568 761.

351 634 391 692 Δ.
411 618 488 689 οὐδὲ
507 619 650 708 σκόροδα
656 647 669 703 ,·
703 630 747 687 Μ.
766 633 851 687 ποῖα
869 613 1001 707 σκόροδ’
1008 647 1021 701 ,-
1037 614 1118 703 ὑμὲς
1134 624 1199 685 τῶν
1217 615 1282 700 ἀεί,

414 721 478 794 ὅκκ’
495 722 668 810 ἐσβάλητε,
687 720 754 802 τὼς
772 719 936 812 ἀρωραῖοι
952 721 1033 806 μύες

412 829 564 898 πάσσακι
580 823 642 904 τὰς
659 820 805 913 ἄγλιθας
822 824 1026 914 ἐξορύσσετε.
1103 917 1113 926 N

372 952 445 1018 Non
463 950 530 1016 sine
548 948 724 1014 offensione
742 957 799 1025 est,
818 946 904 1032 quod
915 946 1115 1035 Megarensis
1133 946 1228 1012 homo
1241 944 1353 1012 Athe·

307 1058 435 1123 nienses
444 1050 505 1131 τὰς
515 1047 658 1139 ἄγλιθας
666 1056 732 1118 τῶν
743 1048 909 1138 σκορόδων
919 1050 1055 1116 effodere
1064 1050 1148 1115 dicit.
1180 1049 1252 1115 Non
1263 1050 1350 1116 adeo

308 1159 478 1246 diligentes
487 1166 518 1222 et
527 1155 613 1221 anxii
622 1152 928 1250 erantAthenienses
937 1154 971 1218 in
980 1152 1153 1219 subitaneis
1162 1152 1351 1219 illisinMe·

307 1261 490 1351 gatensium
499 1282 592 1346 agros
602 1255 885 1333 incursionibus,ut
893 1257 997 1343 capita
1006 1256 1147 1322 alliorum
1158 1257 1347 1335 effoderent,

308 1365 383 1432 allia
391 1361 688 1451 ipsarelinquerent
700 1358 807 1443 Quare
817 1359 1016 1426 scribendum
1025 1372 1102 1447 puto
1112 1372 1197 1426 ποῖα
1206 1355 1345 1448 σκόροδ’

299 1465 408 1552 ,ἆμέςς
426 1471 493 1533 τῶν
507 1463 611 1531 ciri—
620 1460 680 1541 τὰς
694 1457 838 1549 ἄγλιθας
853 1459 1054 1548 ἐξορύσσετε,
1074 1475 1108 1528 ut
1120 1468 1187 1530 τῶν
1200 1462 1264 1529 iam
1278 1487 1347 1529 non

309 1571 446 1656 amplius
468 1568 509 1634 sd
533 1565 677 1655 σκόροδα
700 1566 757 1631 sed
774 1565 816 1631 sd
834 1561 915 1649 ἁμές
928 1566 1095 1654 referatur,
1118 1589 1248 1653 quorum
1266 1568 1348 1632 allia

308 1674 562 1761 effodcreaoletia3
579 1670 727 1735 nimirum
737 1664 874 1756 ἅχλιθες
886 1691 943 1755 per
952 1691 987 1734 se
996 1669 1035 1733 de
1045 1668 1126 1735 alliis
1135 1669 1199 1735 dici
1208 1681 1346 1737 constat.

761 1838 811 1895 Vs.
830 1838 889 1893 775.

462 1943 526 2029 ἐμά
542 1962 600 2032 γα·
618 1940 656 2010 τὺ
676 1943 713 2009 δέ
730 1969 779 2011 νιν
796 1937 914 2030 ἥμεναι
929 1948 1018 2022 τίνος
1036 1943 1159 2026 dorric,-

377 2066 535 2153 Suspecta
547 2064 646 2130 videri
663 2073 768 2151 potest
784 2063 929 2129 infinitivi
946 2063 1050 2130 forma
1066 2064 1239 2151 trisyllaba,
1259 2076 1346 2131 certe

308 2160 391 2259 ἦμεν
413 2164 530 2256 (εἶμεν)
553 2168 633 2233 dixit
654 2167 795 2233 Boeotus
817 2190 866 2232 vs.
891 2167 962 2233 741.
986 2179 1016 2233 et
1035 2168 1108 2234 771.
1151 2167 1198 2234 At
1220 2168 1346 2253 siquid

310 2273 499 2339 mutandum
522 2280 583 2350 est,
610 2293 713 2356 neque
737 2294 809 2335 cum
831 2270 990 2335 Ahrensio
1012 2270 1098 2336 Dial.
1121 2272 1187 2336 dor.
1209 2294 1243 2357 p.
1267 2272 1345 2339 316.

307 2367 391 2463 ἦμεν
414 2365 454 2442 αὗ
478 2374 647 2463 corrigam,
675 2396 778 2458 neque
802 2374 888 2458 quod
909 2373 1112 2440 Hamakerus
1135 2376 1235 2443 suasit
1262 2365 1345 2463 ἦμεν

309 2476 441 2559 οὔτινος
458 2477 593 2557 ἐδόκεις.
638 2476 747 2564 Magis
765 2478 901 2564 placeret
919 2465 999 2565 ᾖμεν
1017 2475 1052 2543 ἐκ
1068 2481 1166 2557 τινος.

761 2664 811 2721 Vs.
830 2664 890 2719 791.

482 2768 518 2836 αἱ
537 2764 567 2836 d'
584 2764 624 2836 dv
641 2774 798 2857 παχυνθῇ
816 2765 1044 2859 κᾶναχνοανθῇ
1062 2776 1158 2859 τριχί.

374 2889 427 2955 De
445 2888 506 2955 hoc
523 2912 619 2955 versu
636 2911 716 2974 quae
734 2890 810 2955 olim
829 2891 941 2977 scripsi
958 2915 1043 2958 nunc
1059 2892 1168 2971 reicio,
1191 2917 1257 2959 non
1275 2906 1346 2960 tan·

308 3004 377 3058 tum
401 3016 471 3058 eam
494 2992 536 3059 ob
558 3015 700 3070 oausam,
724 3015 820 3077 quam
840 2995 1032 3061 novissimus
1054 2996 1154 3061 editor
1170 2995 1344 3083 Adolphus

306 3096 465 3162 Miillerus
479 3095 637 3174 indicavit,
657 3097 714 3163 sed
727 3096 812 3180 quod
828 3092 944 3186 ὅστριξ
960 3122 1121 3184 nunquam
1135 3100 1175 3165 de
1188 3110 1257 3166 seta
1269 3124 1346 3187 por-

307 3199 381 3265 cina
402 3199 522 3264 dictum
544 3199 706 3285 reperitur.
750 3200 791 3264 In
812 3199 956 3267 Platonis
980 3203 1091 3268 comici
1117 3203 1187 3269 loeo
1209 3204 1343 3292 Fragm.

307 3301 403 3369 Com.
417 3323 522 3389 graec.
537 3301 654 3367 vol.lI.
669 3325 700 3388 p.
711 3302 786 3368 624.
806 3300 900 3371 οὐδὲν
918 3300 976 3393 ἀφ’
993 3301 1051 3385 ὑὸς
1067 3311 1212 3393 γίγνεται
1230 3306 1236 3394 Ι
1255 3305 1343 3396 πλὴν

308 3401 458 3492 ὕστριχες
475 3406 530 3471 καὶ
548 3402 653 3491 πηλὸς
670 3401 748 3492 ἡμῖν
765 3406 909 3495 scriptori,
929 3429 986 3493 pro
999 3403 1149 3498 ὕστριχες
1161 3421 1216 3476 aut
1228 3407 1344 3499 ὕστρι-

304 3510 410 3593 χίδες,
435 3519 489 3576 aut
506 3509 593 3594 quod
612 3507 651 3574 Ο.
669 3508 709 3573 Β.
728 3509 838 3575 Haase
859 3510 973 3589 voluit,
996 3506 1153 3600 ὖστριχίς,
1179 3513 1343 3601 flagellum

309 3636 349 3677 ax
367 3613 442 3678 setis
460 3612 596 3699 porcinis
616 3612 807 3691 confectum,
827 3614 1028 3680 scribendum
1046 3626 1103 3681 est.
1147 3616 1344 3685 Revooanda

305 3715 404 3801 igitur
420 3715 453 3780 in
471 3715 694 3802 Aristophanis
712 3739 807 3781 versu
824 3715 976 3784 librorum
994 3718 1156 3804 scriptura,
1174 3720 1237 3786 nisi
1254 3723 1343 3806 quod

307 3817 423 3883 Bothio
441 3828 610 3905 praeeunte
628 3814 869 3907 κάναχνοιανθῇ
887 3822 1101 3907 reponendum
1120 3833 1178 3890 est.
1217 3823 1258 3889 In
1270 3824 1343 3910 ipso

304 3943 419 3986 versus
432 3920 521 3985 initio
535 3944 592 4006 pro
607 3920 642 3987 αἰ
657 3917 687 3986 d
701 3918 741 3988 div
754 3922 836 3988 Rav.
850 3922 945 3989 habet
959 3919 1027 3990 ἀλλ’
1040 3920 1090 3992 ἄν.
1125 3925 1288 3993 Particula
1300 3924 1342 3995 div

304 4023 455 4107 frequens
474 4033 522 4088 est
538 4024 571 4088 in
589 4025 873 4112 pseudepigraphis
889 4027 1066 4093 doricorum
1079 4027 1342 4116 philosophorum

303 4125 446 4209 reliquiis
464 4126 549 4212 apud
565 4124 749 4194 Stobaeum.
792 4129 939 4196 Eandem
958 4132 1051 4196 etiam
1065 4132 1098 4196 in
1112 4133 1341 4201 recentioribus

305 4229 405 4296 titulis
423 4229 537 4296 doricis
556 4231 703 4317 reperias,
723 4231 946 4320 Aristophanis
961 4234 1153 4322 temporibus
1168 4260 1209 4301 an
1222 4237 1343 4304 usitata
