2859 4909
20 383 22 498 η
492 383 699 452 somnne.
1075 381 1116 446 61

95 518 202 609 φαγὼν
217 516 305 610 ἥδοι’
322 518 362 590 δν
378 525 486 611 paullo
503 526 630 615 longius
648 552 668 594 a
683 527 836 595 librorum
855 531 1010 618 scriptura
1030 555 1120 601 rece·

92 623 143 691 dit.
186 625 344 713 Bergkius
367 628 505 695 malebat
531 627 587 697 ἐπὶ
608 636 656 718 τῷ
679 631 802 719 φάγοις
827 629 931 721 γήτεί
952 629 1002 701 ἄν.
1046 636 1117 703 Nisi

91 727 166 793 fallit
186 731 340 796 sententia
361 732 487 819 scripsit
507 743 614 820 poete:
642 732 701 802 ἐπὶ
721 740 769 823 τῷ
787 736 909 824 φάγοις
926 733 1046 825 ἡσθεὶς
1063 735 1121 816 cire·

90 831 152 897 ie.
172 828 228 899 ἐπὶ
244 838 291 920 τῷ
309 829 429 922 ἡσθεὶς
446 835 569 924 φάγοις
587 831 637 903 ἄν.

535 1004 584 1061 Vs
603 1006 663 1061 742.

182 1104 236 1176 ότι
250 1114 317 1176 τὼν
336 1115 525 1200 στρατηγῶν
542 1106 745 1199 ὑποδραμὼν
762 1118 828 1180 τὼν
846 1112 881 1180 ἐκ
898 1112 1009 1180 Πύλον

182 1212 330 1292 πλεύσας
349 1210 453 1281 ἐκεῖσε
470 1210 548 1292 τοὺς
565 1213 728 1294 Λάκωνας
744 1211 875 1303 ἤγαγον.

146 1332 239 1399 Haec
247 1332 413 1399 meliorum
421 1333 574 1400 librorum
583 1335 738 1422 scriptura
752 1348 810 1403 est.
838 1336 1023 1403 Inconsulto
1031 1337 1117 1403 edidi

91 1430 343 1524 ὑποδραμόντων
361 1434 395 1503 ἒκ
412 1436 534 1516 Πύλου,
552 1459 611 1504 nec
628 1437 758 1504 laudare
775 1437 930 1505 debebam
948 1439 1117 1507 ficulneam

92 1537 126 1604 C.
145 1535 183 1605 F.
204 1539 385 1606 Hermanni
411 1540 622 1607 coniecturam
650 1536 913 1629 omnipotentatus
939 1540 975 1608 ἐκ
997 1543 1118 1610 Πόλοο.

93 1639 197 1709 Scriba
223 1643 293 1708 cod.
316 1643 357 1708 B.
382 1644 518 1710 coniecit
545 1639 598 1711 ότι
622 1643 680 1711 τόν
708 1641 888 1731 στρατηγόν
914 1641 1118 1735 ὑποδραμὼν

90 1743 139 1812 τὸν
156 1744 190 1812 ἐκ
203 1745 325 1827 Πύλου,
344 1746 469 1813 Niciam
487 1746 555 1813 sine
572 1746 671 1814 dubio
687 1746 878 1836 intelligens.
912 1747 956 1815 V.
970 1749 1117 1837 Thucyd.

91 1847 143 1927 IV,
164 1850 218 1916 27.
242 1872 290 1933 sq.
333 1849 401 1916 Nec
427 1850 510 1917 male
531 1850 713 1917 Brunckius
741 1843 796 1916 ότι
815 1846 894 1930 τοὺς
917 1850 1120 1941 στρατηγοὺς

92 1947 287 2038 ὑποδραμὼν
304 1955 535 2040 (supplantans)
552 1951 630 2032 τοὺς
649 1951 682 2020 ἐν
699 1952 809 2041 Πύλῳ,
828 1955 914 2039 quod
932 1956 960 2021 si
977 1955 1117 2041 aliquam

92 2055 206 2122 alibris
224 2056 321 2121 tidem
338 2056 482 2135 haberet,
504 2056 633 2141 reliquis
652 2055 800 2122 omnibus
822 2057 1027 2144 praeferrem,
1055 2059 1118 2124 nisi
1141 2099 1147 2110 ι

92 2160 167 2244 quod
184 2165 250 2227 τῶν
268 2165 457 2247 στρατηγῶν
475 2160 594 2226 servari
611 2169 726 2246 potest

147 2262 210 2330 Pro
236 2258 290 2329 ότι
310 2263 445 2329 sortasse
469 2257 489 2330 ό
509 2288 544 2329 τι
565 2285 638 2328 cum
655 2263 899 2351 interrogatione
918 2263 1118 2330 scribendum

94 2376 147 2445 est,
173 2367 257 2453 quod
287 2376 431 2453 apertum
452 2376 501 2433 est
523 2365 630 2432 verbis
656 2364 732 2433 εἰπέ
756 2369 873 2450 μοιτί
896 2365 982 2451 δρῶν
1003 2365 1119 2431 melius

94 2469 191 2536 inferri
208 2493 306 2556 quam
323 2470 409 2555 quod
426 2490 511 2535 nunc
528 2469 654 2557 legitur.

537 2655 587 2712 Vs.
607 2655 667 2709 751.

177 2758 245 2829 ἀλλ’
262 2760 297 2841 ἒς
313 2760 353 2829 τὸ
371 2760 516 2852 πρόσθε.
533 2766 612 2849 χρῆν
629 2753 757 2846 παρεῖν’
773 2757 807 2838 ἐς
823 2757 881 2848 τὴν
899 2759 1017 2829 πύκνα.

147 2883 198 2949 Ita
213 2881 294 2949 haec
311 2882 455 2960 distinxi,
478 2880 575 2968 vulgo
593 2879 741 2946 omnibus
759 2880 800 2945 ed
818 2903 914 2945 unam
933 2881 1118 2947 sententiam

95 2985 267 3065 coniunctis,
281 3008 320 3051 ac
333 2997 418 3051 recte
432 2986 577 3062 fortasse,
592 2982 649 3049 sed
661 2983 723 3048 hac
736 2982 807 3069 lege
821 2994 857 3048 ut
870 2978 916 3063 ὼς
928 2980 966 3050 τὸ
981 2983 1119 3071 πρόσθε

96 3088 250 3168 scribatur,
273 3098 309 3153 ut
327 3088 403 3153 fecit
419 3087 590 3176 Bergkius.
633 3086 801 3152 Falluntur
817 3086 902 3152 enim
919 3085 1004 3151 haud
1022 3086 1119 3152 dubie

96 3192 141 3273 qui
170 3190 202 3271 ἒς
230 3189 271 3259 τὸ
303 3190 439 3280 πρόσθε
469 3190 554 3256 idem
585 3190 763 3277 significare
793 3211 890 3275 posse
925 3189 1118 3255 existimant.

97 3291 309 3376 Quaerendum
329 3306 438 3361 tamen
460 3317 501 3360 an
522 3315 662 3378 unquam
689 3291 775 3380 apud
796 3290 1045 3378 Aristophanem
1071 3286 1118 3368 ὼς
1148 3302 1265 3367 stas·-
1279 3286 1387 3349 aust

96 3393 128 3461 τὸ
144 3398 294 3483 πρόσθεν
312 3397 432 3463 dictum
449 3397 623 3483 reperiatur
638 3419 696 3483 pro
714 3391 761 3474 ὼς
777 3391 815 3462 τὸ
834 3392 1011 3481 πρότερον,
1031 3416 1117 3459 eam-
1148 3361 1307 3441 misi

96 3520 148 3582 qne
168 3501 207 3567 ob
231 3524 362 3568 causam
386 3498 482 3566 verba
503 3499 565 3565 ista
588 3499 634 3566 sic
656 3498 787 3565 distinxi
804 3507 839 3562 ut
857 3519 969 3563 sensus
988 3498 1042 3575 sit,
1065 3501 1121 3562 οαῑ

96 3625 143 3687 ομ
153 3609 368 3691 procedamus,
391 3602 585 3669 vorwtirtsl
629 3601 743 3668 Morae
760 3600 927 3687 impatiens
945 3599 1024 3666 haec
1041 3600 1118 3667 dicit

94 3701 222 3786 Demus,
249 3707 437 3793 quantocius
463 3706 497 3771 id
522 3705 589 3771 fieri
617 3706 758 3792 cupiens.
802 3704 877 3770 Hoc
901 3726 998 3770 sensu
1024 3702 1058 3782 ἐς
1078 3701 1118 3770 τὸ

96 3809 218 3895 πρόσθε
235 3809 452 3897 Αιὶεεορὴοσί,
466 3809 570 3876 dicere
593 3810 745 3875 usitatum
768 3817 831 3885 est,
852 3815 889 3872 ut
904 3806 1047 3873 Acharn.
1065 3807 1119 3872 44.

95 3909 199 3999 πάριτ’
216 3911 250 3993 ἒς
265 3910 305 3980 τὸ
323 3912 486 4000 πρόσθεν.
531 3913 605 3980 242.
628 3908 753 3998 πρῶθ’
769 3903 803 3989 ἐς
819 3906 858 3976 τὸ
876 3908 1031 3999 πρόσθεν
1049 3906 1122 3976 όλί-
1157 3993 1159 4002 Ι

96 4036 144 4095 μον
163 4011 182 4103 ἡ
204 4016 402 4104 κανηφόρος.
445 4016 571 4082 Eccles.
596 4015 670 4082 645.
696 4012 730 4093 ἐς
751 4010 790 4081 τὸ
808 4012 963 4101 πρόσθεν
981 4012 1117 4096 οἴχεται.

96 4113 166 4203 Lys.
185 4118 256 4186 185.
278 4120 341 4198 θὲς
364 4118 397 4198 ἒς
418 4117 456 4185 τὸ
475 4117 627 4205 πρόσθεν
645 4114 767 4184 ὑπτίαν
783 4113 841 4203 τὴν
859 4112 999 4183 όσπδδα.
1044 4117 1118 4188 302.

97 4222 208 4288 σπεῦδε
225 4222 377 4312 πρόσθεν
396 4219 429 4301 ἒς
446 4222 545 4290 πόλιν
563 4224 618 4288 καὶ
634 4221 758 4308 βοήθει
775 4226 814 4308 τῇ
833 4224 917 4306 θεῷ.
