2859 4909
386 391 904 451 russuopflosmzusss.
1103 378 1171 446 156

581 531 631 587 Vs.
649 532 709 586 662.

176 649 251 720 άλλά
266 651 325 742 τὴν
342 653 479 741 πρώτην
495 658 619 741 τρέχειν
634 650 696 741 χρὴ
716 649 763 734 ὥς
779 649 904 737 τάχιστ’
920 650 982 741 ἤδη
1001 653 1119 743 κύκλῳ.

195 790 313 858 Vereor
343 813 384 857 ue
414 814 478 857 non
508 800 594 858 reete
623 790 761 856 Bentleii
793 796 872 878 χρῆν
904 787 950 871 ὥς
980 792 1169 881 corrigentis

137 894 377 962 emendationem
397 903 551 978 sequutus
570 895 645 972 sim3
668 893 854 980 imperfecto
875 894 981 962 nullus
1003 895 1056 961 hio
1077 895 1167 962 loeus

138 1010 180 1063 est
198 1008 326 1085 propter
348 993 395 1076 ὡς
415 992 542 1080 τάχιστ’
561 992 634 1085 ἤδη.
678 996 824 1064 Porsouo
852 997 1054 1065 scribendum
1078 1000 1169 1065 vide-

134 1101 220 1168 batur
246 1102 309 1188 χρή
333 1097 363 1169 o'
392 1097 452 1180 ὥς,
488 1100 576 1185 quod
605 1101 661 1186 qui
691 1110 777 1167 reete
807 1101 911 1167 minus
942 1113 1052 1188 aptum
1086 1102 1167 1168 dixit

133 1204 290 1292 Engerus‚
302 1206 395 1272 iusto
412 1214 520 1272 tamen
536 1203 688 1270 audacius
706 1203 776 1291 ipse
794 1205 927 1270 tentavit
944 1208 1069 1292 τρέχειν
1087 1199 1168 1273 ὅσον

133 1304 264 1389 τάχιστ’.
310 1307 521 1374 Restituenda
538 1307 663 1373 videtur
685 1329 766 1392 quae
788 1307 909 1394 passim
932 1307 1096 1375 obliterata
1117 1320 1168 1376 est

4 1404 6 1457 l
129 1411 262 1477 formula
278 1411 398 1476 Atticis
416 1411 532 1477 usitata
547 1405 668 1499 χρῆσθ’
685 1404 745 1490 dg,
764 1410 785 1475 i.
804 1432 833 1476 e.
849 1415 991 1499 χρῆσται
1010 1406 1065 1490 ὥς.

580 1596 631 1653 Vs.
649 1596 710 1652 663.

299 1716 352 1786 εἶα
369 1725 425 1787 νῦν
441 1719 546 1802 ἰ’χνευε
564 1720 620 1786 καλ
635 1718 759 1803 μάτευε
775 1716 857 1801 ταχὺ
875 1715 982 1788 πάντ’.

191 1856 300 1924 Verba
322 1858 377 1923 καὶ
393 1857 516 1942 μάτευε
534 1857 685 1946 Eugerus
704 1855 827 1922 dubitat
844 1880 920 1922 num
939 1857 1166 1946 Aristophanis

126 1961 205 2039 siut,
240 1983 278 2026 ao
309 1983 386 2027 saue
413 1960 547 2027 dimetro
573 1962 680 2049 potius
707 1983 805 2046 quam
831 1959 933 2027 tribus
959 1960 1167 2030 monometris

124 2074 221 2150 poeta
241 2087 320 2130 usus
342 2087 413 2130 esse
435 2065 573 2143 videtur3
601 2087 683 2150 quae
706 2066 734 2130 si
755 2087 832 2130 vera
854 2075 903 2130 est
928 2066 1049 2150 opinio,
1077 2068 1168 2151 equi-

125 2169 199 2233 dem
230 2168 337 2255 potius
368 2167 473 2250 ἰ’χνευε
504 2169 561 2235 καλ
591 2168 747 2234 eiecerim.
795 2166 905 2254 Aegre
936 2177 1042 2233 tamen
1071 2181 1166 2256 poeta

124 2271 381 2358 paronomasiam
408 2270 513 2352 ’ἴχνευε
538 2272 594 2337 καὶ
620 2270 742 2355 μάτευε
769 2269 829 2336 sibi
851 2269 929 2356 eripi
950 2270 1100 2356 patietur3
1127 2295 1167 2338 ae

124 2375 263 2440 fortasse
280 2383 462 2440 tetrametro
480 2397 558 2440 usus
581 2386 643 2453 est,
666 2374 753 2439 sacili
774 2395 869 2459 opera
892 2373 938 2439 siu
960 2373 1166 2453 restituendo,

4 2472 5 2475 '
125 2489 161 2542 ut
177 2476 302 2562 μάτευε
318 2475 399 2560 ταχὺ
417 2479 474 2543 καὶ
490 2482 660 2559 πανταχοῦ
680 2475 849 2557 scribatur,
873 2475 925 2542 vel
946 2475 1056 2544 πάντα
1078 2502 1167 2545 παν-

124 2586 244 2664 ταχοῦ,
281 2581 332 2646 vel
358 2579 481 2665 μάτευε
510 2585 679 2663 πανταχοῦ
705 2578 802 2662 ταχύ,
838 2579 890 2645 vel
916 2580 1053 2665 denique
1078 2582 1167 2666 quod

125 2684 289 2772 Bergkius
312 2682 439 2750 volebat
461 2684 572 2751 πάντα
593 2686 649 2750 καὶ
674 2682 798 2769 μάτευε
825 2688 1005 2768 πανταχοῦ.
1048 2684 1090 2750 In
1115 2707 1167 2751 se-·

4 2826 6 2853 2
125 2777 297 2873 quentibns
324 2808 451 2872 quoque
482 2788 653 2854 multorum
683 2787 894 2854 incertissima
924 2787 1164 2874 scriptumest,
1216 2798 1221 2807 ‘

5 2928 7 2972 ;
126 2891 215 2957 velut
246 2891 321 2956 680.
360 2894 495 2975 μανίαις
525 2893 655 2978 φλέγων
689 2888 810 2977 λύσσῃ,
846 2889 902 2956 ubi
936 2901 1037 2958 metro
1072 2892 1168 2958 satis-
1282 2967 1288 2972 .

5 2984 6 3039 i
124 2996 248 3060 faceret
267 2992 424 3077 μανιάσιν
448 2995 577 3082 φλέγων
595 2992 735 3071 λάσσαις
758 2991 807 3079 (ut
823 2991 944 3077 μανιάς
962 2993 1069 3062 λύσσα
1085 2995 1165 3060 dixit

124 3098 299 3185 Euripides
328 3095 436 3164 orest.
463 3097 557 3178 326.)
584 3108 616 3163 et
641 3095 717 3163 685.
748 3095 805 3162 ubi
831 3119 904 3163 oum
930 3096 1002 3162 libri
1027 3097 1166 3163 habeant

7 3255 8 3280 2
126 3198 324 3269 ἀποτίνεται
363 3199 566 3290 παράχρημά
601 3224 638 3267 τε
672 3203 815 3280 τίνυται,
857 3200 1037 3267 dubitanter
1071 3202 1166 3288 posui

129 3302 249 3394 παρὼν
266 3310 405 3385 τίνεται,
426 3305 538 3371 ceteris
555 3304 589 3369 in
606 3304 783 3390 marginem
800 3303 935 3369 reiectis.

583 3491 633 3547 Vs.
651 3491 710 3545 715.

420 3595 425 3601 ’
516 3619 567 3694 τίς
585 3609 625 3680 ἄν
644 3613 813 3698 ξύμμαχος
831 3610 866 3679 λιι
883 3618 975 3680 θεῶν

312 3714 492 3786 ἀθανάτων
510 3716 609 3786 ἔλθοι
627 3713 683 3798 ξὺν
701 3712 830 3796 άάέκοις
847 3714 972 3803 έργοιςς

193 3855 296 3923 Miror
339 3857 498 3922 nemiuem
542 3855 647 3922 adhue
689 3855 833 3921 haesisse
880 3855 914 3920 in
955 3853 1063 3923 verbis
1111 3856 1169 3939 ξῦν

129 3955 259 4038 άάέκσις
281 3957 401 4047 ἔργοις,
425 3960 459 4025 in
477 3959 593 4045 quibus
612 3981 676 4045 quo
693 3969 787 4045 paeto
804 3959 997 4045 praepositio
1015 3960 1165 4048 explicari

128 4063 233 4150 possit
270 4086 333 4129 uon
373 4063 568 4150 intelligitur.
633 4061 755 4148 Scripsi
793 4061 892 4149 igitur
931 4075 1004 4143 σοῖς
1039 4060 1169 4143 άάέκοις

130 4164 249 4253 ἔργοις.
