2859 4909
258 345 324 413 224
685 353 873 411 PLUTUS.

260 500 353 566 Haec
365 497 456 564 flocci
469 496 617 573 faciebat,
635 507 668 563 at
682 494 769 580 quod
786 517 880 560 nemo
895 494 960 559 iam
973 493 1133 580 placentas
1148 501 1180 557 et
1195 488 1302 578 ἱερεῖα

261 602 322 669 diis
341 600 503 678 offerebat,
521 600 555 666 id
572 611 640 666 erat
656 598 743 685 quod
760 596 898 665 dolebat.

706 784 757 841 Vs.
779 786 853 838 1119.

277 909 347 981 ‘ER
376 908 439 999 lya)
459 905 490 978 δ’
508 905 671 978 ἀπόλωλα
687 903 958 997 κάπιτέτριμμαι.
994 917 1066 977 ΚΑ.
1094 920 1291 997 σωφρονεῖς.

328 1039 450 1107 Nescio
471 1061 513 1105 an
539 1042 722 1126 σωφρονῶν
749 1036 951 1104 scribendum
983 1038 1038 1117 sit,
1072 1060 1153 1124 quae
1184 1039 1304 1104 usitata

265 1143 475 1232 Aristophani
492 1140 636 1229 syntaxis
654 1150 714 1206 est.

708 1326 760 1381 Vs.
781 1326 857 1381 1126.

373 1449 467 1535 οἴμοι
484 1453 687 1529 πλακοῦντος
703 1453 763 1515 τοῦ
778 1444 809 1515 ’ν
825 1447 959 1537 τετράδι
976 1455 1199 1536 πεπεμμένου.

331 1581 370 1647 In
397 1580 447 1647 his
474 1582 686 1663 πεπεμμένου
715 1577 761 1644 sic
787 1577 922 1664 intelligi
948 1578 1041 1645 video
1067 1589 1103 1645 ut
1129 1590 1163 1646 at
1183 1584 1305 1647 πέπτω
1426 1647 1427 1656 ,

267 1694 441 1751 revocetur.
485 1680 557 1748 Non
580 1681 675 1747 credo
698 1680 935 1760 idrectelieri,
960 1683 1170 1767 nequeenim
1192 1684 1307 1750 eodem
1426 1691 1427 1698 ’

268 1788 319 1854 die
333 1809 397 1872 quo
410 1785 573 1873 placentae
587 1782 647 1849 diis
658 1783 932 1863 consecrabantur,
951 1785 1045 1850 etiam
1058 1785 1307 1871 pinsitabantur3

268 1900 360 1957 noete
382 1887 589 1975 praecedente
612 1886 645 1951 id
666 1886 735 1951 fieri
758 1885 889 1954 solebat.
936 1885 1005 1953 cfr.
1023 1888 1204 1955 Menander
1222 1890 1309 1975 apud

268 1987 388 2060 Athen'.
403 1990 463 2059 IV.
477 2013 509 2078 p.
526 1990 597 2057 172.
613 2011 640 2056 e.
656 1988 845 2074 πλάττομεν
857 1986 920 2077 γὰρ
934 1988 1116 2075 πλάσματα
1130 1992 1207 2079 (leg.
1222 1997 1309 2076 πέμ-
1427 2063 1428 2066 ¹

269 2098 372 2183 ματα)
397 2093 456 2183 τήν
481 2093 581 2162 νύκτα
607 2087 634 2159 τ’
659 2088 917 2180 ἠγρυπνήκαμεν.
963 2092 1071 2176 Quare
1093 2095 1134 2159 ad
1160 2100 1309 2180 πέμπειν
1427 2127 1428 2182 3

268 2201 372 2268 refero
393 2200 616 2282 πεπεμμένου.
662 2193 858 2279 Qui-statim
881 2197 1021 2281 sequitur
1042 2219 1153 2263 versus
1180 2204 1309 2277 ποθεῖς
1427 2207 1428 2230 ³

270 2302 329 2371 τὸν
348 2298 387 2370 οὗ
402 2300 554 2389 παρόντα
567 2300 623 2365 καὶ
635 2298 742 2386 μάτην
755 2299 874 2378 καλεῖς,
893 2298 1030 2365 dubitari
1043 2299 1097 2364 vix
1109 2311 1218 2386 potest
1233 2303 1310 2386 quin

271 2431 289 2473 e
305 2406 469 2495 tragoedia
485 2405 602 2491 petitus
620 2402 671 2468 sit.
706 2401 794 2467 Eum
810 2401 844 2466 in
861 2401 1035 2488 proverbiis
1053 2416 1221 2469 numerant
1239 2428 1310 2491 par-

275 2511 448 2577 oemiarum
467 2507 643 2594 scriptores.

716 2692 767 2747 Vs.
788 2690 864 2745 1143.

446 2813 562 2882 ἔπειτα
579 2809 697 2881 τοῦτόν
713 2808 741 2900 y’
758 2809 857 2892 αὐτὸς
874 2808 914 2879 dv
931 2813 1122 2902 κατήσθιες.

337 2936 377 3002 In
396 2933 609 3021 superioribus
628 2933 724 3000 Cario
742 2933 916 3009 Mercurio,
941 2933 968 2998 si
985 2932 1145 2998 fraudanti
1163 2934 1227 3001 sibi
1245 2938 1312 3025 opi-

274 3039 392 3105 tulatus
414 3048 512 3117 esset‚
540 3037 694 3103 mercedis
720 3036 791 3102 loco
813 3034 966 3120 obtigisse
987 3034 1169 3121 placentam
1193 3041 1312 3126 optime

274 3144 390 3231 piatam
413 3141 547 3220 dixerat3
565 3141 612 3206 'ad
633 3161 714 3225 quae
738 3161 810 3204 eum
827 3139 890 3203 ista
907 3159 988 3222 quae
1006 3138 1162 3225 adscripsi
1179 3164 1313 3229 respon-

275 3247 374 3311 disset
387 3243 577 3321 Mcrcurius‚
598 3241 693 3309 (lario
707 3264 797 3307 suam
810 3240 983 3328 ingluviem
1000 3253 1209 3311 excusaturus
1227 3256 1312 3312 recte

275 3350 308 3414 id
325 3348 394 3413 lieri
411 3356 442 3413 et
456 3346 567 3412 merito
580 3344 685 3424 infert,
704 3366 807 3429 neque
821 3344 904 3408 enim
917 3343 1005 3408 illum
1020 3367 1129 3429 parem
1142 3346 1311 3435 plagarum

274 3459 397 3537 partem
424 3450 567 3535 accipere
594 3470 702 3514 secum
729 3447 762 3512 in
789 3446 909 3532 flagitio
935 3446 1040 3532 aliquo
1067 3448 1311 3534 deprehensum.

274 3553 329 3619 Ex
345 3552 395 3618 his
414 3552 547 3640 intelligi
564 3551 689 3637 opinor,
713 3572 778 3617 non
795 3548 856 3616 hoc
873 3549 936 3614 dici
952 3550 1094 3634 potuisse
1113 3575 1133 3617 a
1148 3550 1311 3619 Mercurio

274 3667 373 3721 totam
390 3655 569 3740 placentam
586 3677 606 3719 a
624 3652 761 3719 Carione
777 3651 960 3717 devoratam
977 3674 1061 3733 esse,
1085 3655 1143 3719 sed
1160 3656 1313 3722 maiorem

276 3758 344 3824 cius
358 3765 493 3843 partem3
512 3756 556 3821 ita
570 3757 698 3821 demum
715 3754 871 3839 quadrant
887 3753 941 3818 illa
958 3754 999 3819 de
1015 3755 1128 3842 impari
1145 3758 1312 3845 plagarum

276 3880 408 3924 numero
426 3858 518 3923 dicta.
563 3857 671 3943 Quare
690 3857 891 3922 scribendum
909 3857 1033 3943 opinor:

429 3972 545 4043 ἐ’πειτα
562 3975 601 4045 τὸ
619 3961 721 4045 πλέον
738 3972 765 4062 γ’
782 3972 882 4054 αὐτὸς
899 3971 939 4041 dv
955 3974 1145 4063 κατήσθιες.

278 4099 329 4163 lta
350 4097 446 4163 etiam
471 4096 626 4180 particula
647 4100 684 4183 μέ
704 4106 790 4163 recte
812 4095 916 4183 posita
937 4106 1000 4174 est,
1023 4117 1104 4180 quae
1126 4097 1161 4162 in
1183 4100 1313 4187 vulgata

278 4200 434 4287 scriptura
450 4198 529 4263 nihil
548 4198 713 4285 significat.
