2859 4909
298 371 345 438 98
756 378 879 437 Avus.

753 516 803 573 Vs.
822 518 882 573 593.

354 623 397 694 τά
413 620 544 710 μέταλλ’
561 620 674 702 αὐτοῖς
691 627 943 707 μαντευομένοις
962 611 1055 689 οὗτοι
1073 620 1224 689 δώσουσι
1243 620 1290 688 τὰ

967 749 1029 792 στα

354 831 415 912 τάς
441 825 472 898 τ’
494 828 658 921 ἐμπορίας
682 826 745 908 τὰς
769 750 1059 918 κερδαλέάὲηπράς
1081 826 1138 896 τὸν
1160 827 1285 913 μάντιν

906 937 1107 1020 κατεροῦσιν.

367 1055 539 1142 Ingeniosa
567 1053 711 1121 Cobetus
737 1050 780 1119 τὰ
807 1052 866 1137 μέν
894 1047 964 1119 ἄλλ’
991 1048 1105 1131 αὐτοῖς
1131 1051 1295 1133 coniecit‚'
1315 1063 1346 1117 et

302 1182 398 1227 versu
420 1167 571 1243 sequente
591 1153 651 1236 τὰς
674 1150 706 1223 δ’
724 1152 895 1244 ἐμπορίας.
940 1155 1050 1244 Aegre
1071 1166 1176 1221 tamen
1195 1178 1345 1221 caremus

303 1262 426 1350 argenti
451 1261 583 1340 fodinis,
610 1260 780 1347 praecipuo
801 1258 929 1326 Atticae
951 1258 1128 1346 opulentiae
1153 1268 1231 1346 post
1259 1280 1346 1324 corn-
1412 1291 1413 1294 ¹

303 1365 420 1432 mercia
441 1365 539 1431 fonte.
583 1361 649 1429 Pro
673 1361 947 1429 incunctantem
970 1361 1098 1450 egregie
1123 1362 1242 1449 placet,
1257 1361 1345 1447 quod

303 1455 463 1557 Berglrius
482 1466 582 1534 suasit
600 1466 761 1548 δείξουσι,
779 1474 816 1531 ut
832 1464 907 1531 599.

757 1634 807 1691 Vs.
825 1636 885 1691 600.

338 1748 404 1810 τῶν
423 1738 601 1829 ἀργυρίων·
621 1728 714 1807 οὗτοι
731 1736 793 1830 γάρ
812 1740 921 1808 ἴσασι·
940 1742 1074 1826 λέγουσι
1091 1740 1128 1806 δέ
1144 1764 1199 1808 τοι
1215 1740 1301 1807 τάδε

906 1868 1038 1923 παντες.

356 1965 441 2032 ‘Non
458 1964 606 2031 credibile
624 1973 674 2030 est
689 1963 937 2051 Aristophanem
954 1987 1082 2030 versum
1099 1964 1232 2044 fecisse,
1251 1965 1342 2031 cuius
1412 2001 1413 2054 3

303 2069 453 2158 perpauci
471 2068 588 2135 similes
606 2068 691 2152 iique
708 2090 819 2133 omnes
832 2067 872 2134 de
885 2068 961 2134 vitio
977 2068 1116 2156 suspecti
1127 2069 1340 2155 reperiuntur3

303 2184 337 2240 at
362 2172 486 2239 medela
511 2193 628 2258 anceps
651 2181 683 2237 et
707 2172 837 2236 incerta.
891 2171 1023 2237 Interim
1054 2172 1163 2239 forsan
1189 2173 1339 2239 coniicias

304 2276 504 2344 scribendum
531 2297 603 2342 esse
630 2263 724 2341 οὗτοι
749 2270 811 2362 γὰρ
834 2269 938 2342 ἰὀαο’·
975 2274 1102 2363 ε’ίροοοι
1124 2275 1162 2341 δέ
1182 2300 1239 2343 τοι
1260 2275 1339 2342 τάδε

303 2381 434 2460 πάντες,
453 2401 534 2465 quae
553 2378 613 2444 etsi
630 2400 760 2465 prorsus
777 2379 868 2464 epica
884 2378 986 2445 forma
1003 2388 1060 2458 est,
1079 2378 1216 2446 fortasse
1234 2389 1340 2445 tamen

303 2485 336 2550 in
353 2483 532 2570 anapaestis
550 2481 690 2548 ferenda.
733 2479 770 2547 Si
788 2503 862 2547 vere
880 2482 1009 2559 conieci,
1028 2483 1160 2569 λέγουσι
1175 2505 1236 2569 pro
1254 2483 1344 2570 glos*

305 2596 424 2653 semote
438 2586 594 2673 genuinae
607 2584 727 2650 formae
740 2584 921 2650 habendum
935 2585 1038 2650 fuerit.
1079 2584 1121 2652 V.
1137 2585 1339 2673 Hesychium
1412 2617 1413 2620 ¹

304 2713 329 2756 s.
355 2714 384 2756 v.
409 2688 565 2776 εἰρεῦσαι.
610 2687 734 2753 Eadem
759 2687 903 2754 libertate
925 2687 1101 2755 Axionicus
1129 2689 1214 2774 apud
1237 2688 1338 2753 Athe-

303 2814 418 2857 naeum
436 2792 514 2858 VII.
533 2815 566 2877 p.
584 2791 659 2856 342.
682 2813 760 2856 usus
784 2800 833 2856 est
854 2791 943 2877 epico
964 2792 1081 2858 aoristo
1104 2789 1210 2859 ἐνέπω
1234 2792 1269 2858 in
1289 2791 1338 2857 his
1362 2819 1366 2822 ·

303 2898 377 2960 τίνα
394 2890 475 2981 τῷδ’
493 2892 599 2961 ένέπω
617 2889 676 2980 τὴν
695 2899 880 2961 οκεαοοίαν.

755 3062 804 3118 Vs.
823 3063 882 3118 604.

345 3165 384 3256 ἢν
402 3158 438 3235 εὖ
455 3165 635 3254 πράττωά,
655 3165 715 3252 οὐχ
733 3164 840 3255 ὑγιεία
857 3168 980 3255 μεγάλη
999 3165 1086 3236 τοῦτ’
1102 3167 1188 3252 iam
1211 3166 1293 3259 σάφ’

903 3271 992 3339 ’lotia

367 3391 539 3459 Assentior
568 3392 634 3457 fere
662 3390 799 3473 Cobeto,
832 3386 941 3478 ὑγίεια
971 3391 1083 3459 ultima
1114 3392 1239 3480 syllaba
1264 3415 1336 3481 pro-

302 3497 397 3562 ducta
413 3496 500 3561 nullo
517 3505 610 3581 pacto
628 3495 795 3560 ferendum
813 3517 884 3561 esse
901 3494 1068 3577 dicenti;*)
1096 3506 1128 3562 at
1145 3496 1270 3562 medela
1287 3496 1336 3560 hie

302 3622 427 3684 quoque
449 3600 568 3664 incerta
589 3607 648 3663 est.
694 3597 777 3682 Quis
800 3598 884 3663 enim
908 3598 1144 3666 credatverum
1163 3597 1336 3684 essequod

303 3698 447 3766 Cobetus
465 3700 581 3766 voluitt

289 3884 295 3894 ,Υ
344 3798 365 3887 ἢ
384 3792 419 3866 εὖ
438 3798 618 3890 πράττωά,
640 3793 689 3892 ἆρ’
706 3798 744 3869 οὗ
762 3802 886 3890 μεγάλη
905 3799 993 3871 τοῦτ’
1009 3800 1083 3871 ἔσθ’
1099 3801 1225 3893 ὗγίεια;
1243 3842 1285 3854 -

370 3987 401 4057 l‘)
419 3986 497 4042 Nihil
504 3988 597 4041 tribuo
606 3988 756 4044 Menandri
764 3990 856 4045 versui
866 3988 943 4046 Sent.
956 3990 1028 4063 sing.
1037 3991 1098 4046 522.
1108 3987 1198 4051 ὕπνοι
1207 3992 1238 4047 δὲ
1248 3993 1333 4060 aalma

301 4075 378 4123 ἐστὶν
391 4068 480 4143 ὑγιεία
493 4073 592 4138 νόσου,
612 4074 661 4143 qui
677 4074 746 4127 mihi
764 4079 904 4131 extremae
922 4076 1088 4148 graecitatis
1105 4077 1199 4135 foetus
1216 4079 1332 4134 videtur.

300 4155 400 4225 Neque
418 4156 512 4211 obstat
529 4157 582 4211 Av.
598 4158 657 4212 731.
677 4158 726 4214 ubi
744 4157 935 4233 εὐδαιμονίαν,
954 4162 1031 4233 quod
1046 4167 1113 4234 post
1131 4165 1333 4241 πλουθυγίειαν

300 4243 435 4312 sequitur,
452 4241 616 4298 Hamalrero
632 4249 787 4314 praeeunte
804 4246 882 4301 eieci.
