2859 4909
538 405 728 465 PLUTUs
1085 393 1150 462 219

111 549 186 615 744.
214 546 300 612 Plut.
319 546 394 614 432.
417 546 499 612 Ren.
520 545 594 612 785.
618 546 813 633 Thesmoph.
835 546 909 616 750.
952 546 1020 614 Nee
1036 570 1150 615 versus

109 651 194 717 bene
211 660 354 717 tornatus
372 659 431 716 est.
478 648 586 733 Quare
607 650 830 737 corrigendum
853 650 978 718 videtur
998 646 1084 738 πρὸς
1105 647 1149 718 τὰ

107 758 254 838 μέτωπα
272 748 340 840 δῆτ’
361 747 478 818 αὐτίκα
495 751 600 836 μάλα,
622 754 656 819 in
677 752 793 838 quibus
811 752 854 821 τὰ
870 759 1013 839 μέτωπα
1029 754 1150 820 dietum

108 865 160 924 est
179 865 216 922 ut
233 853 276 923 τὰ
293 855 465 945 πρόσωπα
482 856 621 941 Lysistr.
640 857 714 923 810.
758 856 844 943 Equ.
863 858 939 926 643.

566 1024 616 1082 Vs.
635 1026 694 1081 976.

200 1127 353 1215 πενιχρὸν
370 1135 444 1215 μέν,
463 1126 571 1210 ἄλλως
590 1127 622 1197 5'
638 1126 860 1220 εὐπρόσωπον
878 1133 934 1199 καὶ
950 1130 1050 1198 καλόν

200 1235 255 1300 καὶ
270 1233 423 1323 χρηστόν.

178 1353 245 1420 Vix
259 1354 346 1421 dices
361 1355 438 1439 quid
455 1377 647 1442 magnopere
665 1355 813 1421 different
830 1355 912 1421 inter
929 1378 964 1423 se
977 1351 1150 1443 εὐπρόσω-

109 1481 179 1523 πον
201 1459 256 1523 καὶ
279 1458 391 1539 καλόν,
415 1480 519 1543 neque
542 1457 624 1523 mele
643 1458 754 1544 opinor
772 1458 909 1524 eonieies
927 1467 1054 1546 poetam
1073 1459 1150 1525 seri·

107 1562 218 1647 psisee
237 1556 403 1642 χᾶπολόν,
427 1561 513 1646 quod
535 1583 608 1627 cum
631 1556 853 1650 εὐπρόσωπος
875 1563 1037 1628 coniunxit
1054 1562 1148 1628 etiam

7 1729 8 1736 ,
108 1663 241 1731 Eccles.
262 1664 334 1730 191.
354 1660 638 1753 εὐπρόσωπος-
656 1660 788 1743 ἁπαλὸς
806 1660 975 1755 εὐπρεπὴς
993 1665 1084 1733 ἰδεῖν.

566 1833 617 1889 Vs.
635 1835 695 1888 993.

252 1934 321 2005 ἀλλ’
337 1935 411 2022 οὐχὶ
428 1944 498 2007 νυνέ
513 1933 541 2026 y'
558 1935 576 2006 5
595 1938 754 2024 βδελυρὸς
770 1937 827 2007 τὸν
844 1946 920 2008 νοῦν
937 1938 1004 2023 ἔχει

250 2039 309 2109 τὸν
327 2040 440 2124 αὐτόν,
460 2039 545 2109 ἀλλὰ
562 2039 649 2110 πολὺ
667 2046 871 2130 μεθέστηκεν
887 2043 986 2111 πάνυ.

176 2162 352 2230 Elmsleius
381 2159 450 2230 ἀλλ’
480 2158 552 2246 οὐχὶ
577 2169 633 2231 νῦν
660 2158 711 2231 ἔθ’
737 2158 755 2230 5
780 2162 953 2249 βδελυρός,
979 2176 1150 2251 praeeunte

4 2252 5 2279 ³
109 2266 279 2333 Brunekio
302 2267 357 2351 qui
380 2266 477 2332 edidit
500 2262 569 2332 ἀλλ’
590 2263 663 2349 οὐχὶ
683 2272 739 2333 νῦν
760 2262 787 2352 y’
809 2261 828 2333 5
848 2264 1008 2352 βδελυρὸς
1026 2265 1076 2335 ἔτι
1092 2266 1150 2336 τὸν

4 2364 6 2435 i
107 2376 189 2439 νοῦν
213 2367 289 2452 ἔχει.
333 2369 408 2436 Hoc
430 2370 548 2436 omisso
570 2365 598 2457 γ’
622 2371 741 2456 recepit
763 2369 934 2458 Bergkius.
978 2370 1059 2438 Rev.
1079 2367 1147 2438 ἀλλ’

4 2536 5 2539 ,
109 2470 187 2558 οὐχὶ
208 2477 318 2540 τοίνυν
342 2468 375 2554 5,
404 2473 488 2539 unde
509 2474 572 2539 feci
597 2468 667 2539 ἀλλ’
692 2468 767 2556 οὐχί
786 2497 841 2540 τοι
861 2478 916 2541 νῦν
940 2469 958 2540 5
979 2473 1148 2564 βδελυρός,

4 2562 6 2579 '
107 2602 188 2646 nam
220 2576 270 2644 έτι
299 2597 356 2641 eur
384 2575 602 2664 interponatur
627 2576 705 2642 nihil
732 2598 848 2643 causae
874 2588 932 2644 est.
985 2578 1026 2643 In
1052 2578 1151 2644 altero

109 2705 210 2749 versu
228 2680 437 2746 offensionem
454 2679 551 2746 habet
568 2675 654 2746 πολὺ
672 2684 876 2768 μεθέστηκεν
893 2679 993 2763 πάνυ,
1011 2704 1068 2769 pro
1086 2704 1150 2767 quo
1263 2723 1265 2731 ι

4 2854 5 2857 ,
109 2786 219 2874 aptius
237 2794 337 2849 esset:

254 2901 312 2970 τὸν
330 2899 444 2983 αὐτόν,
465 2898 550 2968 ἀλλὰ
567 2899 653 2968 πολὺ
672 2907 888 2991 μεθέστηκεν,
906 2905 1005 2975 πολύ.

4 3014 6 3103 1
110 3025 256 3113 Bergkio
282 3046 340 3110 pro
367 3022 454 3090 πάνυ
482 3021 684 3089 scribendum
710 3022 876 3090 videbatur
896 3024 1039 3112 τρόπον,
1066 3028 1153 3113 quod
1221 3054 1223 3058 ·

4 3150 5 3153 ’
111 3132 182 3198 sine
201 3127 333 3194 articulo
349 3126 412 3192 diei
429 3127 484 3191 vix
501 3137 615 3212 potest.

559 3278 608 3334 Vs.
627 3279 703 3333 1003.

213 3385 310 3473 δῆλον
329 3379 381 3451 ὅτι
397 3380 476 3462 τοὺς
492 3383 639 3468 τρόπους
656 3409 707 3462 τις
726 3379 764 3451 οὗ
782 3382 954 3473 μοχθηρὸς
971 3375 1022 3472 ἦν,

212 3487 330 3555 ἔπειτα
347 3488 501 3553 πλουτῶν
520 3482 631 3553 οὐκέθ’
645 3482 761 3573 ἥδεται
779 3493 878 3576 φακῇ.

212 3588 279 3679 πρὸ
298 3597 355 3659 τοῦ
376 3586 408 3658 δ’
423 3587 491 3657 ὑπὸ
508 3595 567 3677 τῆς
583 3594 700 3668 πενίας
718 3585 836 3658 ἅπαντ’
856 3584 897 3657 ἂν
913 3585 1043 3679 ἤσθιεν.

180 3713 294 3779 Potest
310 3713 448 3778 fortasse
466 3709 583 3777 ineisa
600 3709 744 3789 defendi3
766 3711 879 3776 vitium
896 3720 1002 3777 tamen
1020 3710 1152 3779 subesse

115 3820 213 3886 etiam
226 3816 387 3903 Bergkius
405 3813 635 3893 animadvertit,
654 3814 709 3898 qui
728 3810 890 3897 ἐπίμεστα
907 3815 1061 3882 πλουτῶν
1079 3837 1154 3883 con-

115 3923 201 3990 iecit.
246 3920 320 4007 Ego
339 3918 453 4005 scripsi

300 4036 375 4105 ἐπεὶ
392 4037 585 4119 ζαπλοντών
604 4032 714 4105 οὐκέθ’
731 4030 846 4123 ἥδεται
865 4042 967 4125 φακῇ.

116 4160 218 4233 Verbi
240 4159 444 4241 ζαπλοντεῖν·
461 4167 624 4244 praeterea
648 4157 771 4222 nullum
798 4157 883 4243 apud
904 4157 1153 4244 Aristophanem

116 4263 298 4351 exemplum
320 4271 383 4341 est3
410 4261 452 4328 ed
479 4259 798 4328 sententiem'tamen
825 4270 873 4326 est
898 4260 1097 4346 aptissimum
1123 4270 1155 4326 et
