2859 4909
768 369 930 428 RANAE.
995 392 1000 401 ·

778 508 828 564 Vs.
847 509 923 563 1130.

460 609 528 680 ἀλλ’
545 608 622 681 οὐδὲ
639 612 750 681 πάντα
766 613 871 680 ταῦτά
888 610 915 700 y'
931 609 996 681 ἔστ’
1012 610 1081 681 ἄλλ’
1097 611 1119 702 ἢ
1136 620 1222 704 τρία.
1409 705 1410 708 ¹

395 733 476 800 Rev.
492 740 598 801 ταῦτα
615 731 735 812 πάντα,
754 733 866 800 eodem
884 733 993 801 ordine
1006 734 1140 804 Barocc.
1155 748 1188 801 at
1204 745 1365 822 praeterea
1409 747 1410 812 ᾗ

330 841 436 906 ταῦτα
452 832 548 904 πάντ’
564 831 640 916 ἕατ’,
659 858 723 922 quo
740 837 786 902 ita
803 837 849 902 nti
865 838 985 924 possis,
1003 849 1039 904 nt
1058 838 1227 904 scribatur:
1409 839 1410 842 ’

452 934 521 1006 ἄλλ’
537 935 615 1006 οὐδὲ
631 943 736 1006 ταῦτα
753 935 849 1007 πάντ’
867 939 930 1027 ἄπη
946 935 1007 1006 ’στ’
1025 937 1093 1007 ἄλλ’
1109 938 1130 1031 ἢ
1149 947 1235 1030 τρία.

331 1043 384 1109 Ac
405 1043 512 1109 neseio
534 1066 575 1109 an
597 1040 660 1130 ε’πη
682 1065 813 1128 prorsus
829 1044 1043 1109 necessarium
1062 1045 1113 1110 sit
1158 1045 1198 1109 In
1216 1056 1363 1130 sequente
1409 1133 1410 1136 Ἴ

330 1158 420 1235 parte
441 1145 590 1232 colloquii
612 1143 712 1211 multa
729 1156 804 1212 sunt
820 1168 903 1231 quae
920 1145 1131 1213 dubitationes
1150 1160 1277 1215 movent
1294 1174 1410 1238 gra

332 1249 491 1317 vissimas.
721 1271 724 1277 ’
861 1295 866 1305 .
1409 1319 1410 1336 2

398 1352 491 1437 Quae
500 1351 595 1418 1133.
610 1297 758 1439 leguntur
771 1348 856 1438 πρὸς
868 1352 975 1440 τρισὶν
988 1350 1171 1436 ἰαμβείοισι
1184 1361 1410 1444 προσοφεί-

333 1458 399 1524 λων
412 1466 519 1545 φανεῖ,
534 1454 705 1521 noumodo
719 1453 854 1521 obscura
869 1465 942 1521 sunt
956 1456 1121 1521 sedetiam
1131 1467 1288 1544 corrupta,
1302 1482 1362 1525 non
1409 1519 1410 1538 ,

332 1569 439 1627 tamen
454 1560 499 1625 ita
513 1557 654 1624 sananda
665 1557 856 1625 utKockins
871 1557 970 1624 voluit
985 1556 1150 1644 ἰαμβείοις
1163 1558 1360 1649 προσοφλὼν
1409 1585 1410 1644 ι

332 1664 435 1749 γέλων
457 1672 565 1749 φανεῖ.
612 1657 649 1726 Si
670 1660 742 1746 quis
769 1660 837 1727 sine
859 1660 1005 1747 opinione
1030 1662 1245 1748 praeiudicata
1267 1675 1360 1731 totum
1409 1677 1410 1756 ᾗ

332 1766 439 1831 Ιοοιιιιι
456 1764 550 1851 legat,
569 1785 680 1829 versus
700 1763 940 1830 1132—1135.
958 1785 1022 1829 non
1039 1774 1188 1851 poterunt
1204 1788 1270 1832 non
1287 1763 1361 1834 ἆοδ-

334 1891 452 1937 οτατοι
474 1866 587 1943 videri,
614 1876 736 1932 utnon
759 1877 877 1933 temere
899 1866 977 1932 mihi
998 1878 1135 1934 statuere
1162 1868 1286 1949 videar,
1311 1870 1360 1954 qui
1409 1861 1410 1956 l

334 1994 390 2039 eos
411 1971 453 2037 ab
470 1969 692 2056 interpolatore
713 1968 818 2036 illatos
836 1992 997 2048 censeam,
1020 1971 1165 2057 quamvis
1183 1994 1239 2039 eos
1258 1975 1292 2038 in
1309 1994 1360 2038 suo

334 2076 498 2143 Ranarum
524 2072 695 2159 exemplari
721 2072 842 2161 legerat
868 2073 961 2139 etiam
988 2073 1200 2162 Phrynichus.
1245 2075 1359 2142 Versus
1409 2075 1410 2162 l

338 2179 432 2247 1134.
451 2173 514 2264 ἐγὼ
532 2180 652 2244 σιωπῶ
669 2170 771 2263 aoid}
799 2172 855 2242 δᾶν
873 2181 979 2265 πείθῃ
995 2172 1028 2263 y'
1049 2174 1124 2262 ἐμοί
1144 2200 1185 2244 ex
1204 2201 1252 2245 vs.
1274 2178 1359 2244 1229.
1409 2189 1410 2248 i

337 2280 400 2371 ἐγὼ
418 2286 571 2367 πρίωμαι
587 2274 668 2366 τῷδ’
674 2307 686 2362 ‚·
705 2276 761 2346 δᾶν
779 2284 886 2367 πείθῃ
903 2274 935 2365 y'
956 2277 1031 2363 ἐμοί
1048 2280 1172 2347 effictus
1190 2281 1321 2348 videtur.
1409 2259 1410 2298 ¹

778 2446 829 2505 Vs.
849 2448 926 2503 1160.
1389 2475 1410 2539 ,ρ

424 2552 462 2624 οδ
482 2556 564 2642 δῆτα
581 2553 679 2621 τοῦτό
697 2550 725 2640 y'
742 2542 769 2619 ὦ
787 2556 1073 2639 κατεστωμυλμένε

422 2653 584 2745 ἄνθρωπε
601 2650 691 2723 ταῦτ’
707 2652 784 2737 ἔστ’,
805 2653 873 2722 ἄλλ’
890 2651 995 2746 ἄριστ’
1012 2656 1102 2726 ἐπῶν
1119 2656 1202 2741 ἄχον.
1254 2658 1256 2663 ’
1409 2743 1410 2748 ¹

399 2776 614 2843 Vehementer
639 2775 750 2843 dubito
776 2800 853 2842 num
880 2774 970 2845 ἐπῶν
995 2789 1080 2845 recte
1105 2777 1236 2858 habeat,
1267 2798 1358 2862 neque
1409 2779 1410 2862 ζ

337 2880 421 2946 enim
438 2879 479 2945 de
497 2888 562 2946 tcto
579 2901 675 2944 versu
692 2880 810 2967 agitur,
833 2879 890 2945 sed
908 2880 948 2945 de
970 2882 1206 2948 coacervatione
1230 2901 1357 2970 synony·
1409 2873 1410 2914 Τ

339 3006 473 3050 ιιιοιιιιιι.
518 2980 626 3065 Quare
643 2983 752 3048 nescio
770 3006 811 3047 an
829 2982 1029 3049 scribendum
1048 2984 1101 3050 sit:

424 3081 585 3172 ἄνθρωπε
602 3080 723 3152 ταύτόν
742 3082 844 3164 ἐστιν,
864 3081 932 3152 ἄλλ’
950 3082 1055 3174 ἄριστ’
1072 3085 1154 3169 ἕχον,

339 3191 391 3258 vel
408 3189 495 3277 quod
511 3187 726 3275 praetulerim,

425 3288 586 3380 ἄνθρωπε
602 3284 693 3357 ταῦτ’
709 3286 785 3369 ἔστ’,
805 3286 873 3357 ἄλλ’
891 3286 1011 3379 ἄριστά
1028 3316 1102 3371 πως
1119 3289 1201 3375 ἕχον.

337 3395 514 3483 Inquibus
536 3389 708 3462 ταδτίοιι
730 3388 910 3480 preceded
934 3394 991 3460 sed
1016 3417 1075 3480 pro
1101 3391 1205 3461 ταύτὰ
1231 3394 1354 3482 positum
1409 3417 1410 3476 j

338 3512 398 3569 est.
443 3498 500 3566 Ad
515 3498 594 3564 hacc
612 3520 694 3583 quae
712 3496 877 3585 Dionysus
895 3497 1020 3584 ingerit,
1037 3498 1113 3580 item
1131 3497 1246 3590 ritiosa
1263 3502 1340 3563 sunt:
1409 3511 1410 3578 j

424 3606 499 3680 πῶς
517 3601 574 3688 δής
593 3600 726 3681 δίδαξον
742 3599 804 3687 γάρ
821 3623 863 3682 με
880 3595 958 3665 καθ’
975 3594 1028 3666 ὅτι
1046 3597 1085 3687 δὴ
1103 3601 1218 3687 λέγεις.

338 3707 457 3773 Merito
474 3705 676 3771 adverterunt
692 3701 772 3769 haec
786 3701 1016 3790 Hirschigium,
1035 3702 1278 3769 audacissimam
1290 3719 1354 3765 con-

338 3810 490 3875 iecturam
508 3817 680 3874 tentantem
697 3805 780 3871 hanc
797 3800 873 3871 καθ’
891 3799 914 3872 δ’
927 3830 962 3872 τι
979 3805 1141 3893 διαφέρει.
1184 3806 1251 3872 Res
1267 3800 1353 3869 multo

338 3911 456 3976 leniore
474 3921 515 3988 et,
534 3920 570 3976 ut
587 3909 664 3976 mihi
681 3910 810 3994 quidem
827 3907 959 3991 videtur,
979 3908 1139 3994 aliquanto
1156 3909 1274 3997 aptiore
1291 3924 1354 3970 con·

336 4015 457 4080 iectura
473 4013 614 4099 expediri
630 4023 769 4099 poterat:

424 4120 500 4194 πῶς
517 4115 576 4239 ⁶²53]
598 4115 789 4197 δί’δαξον
742 4142 810 4202 γαρ
826 4139 869 4200 με
885 4108 1010 4181 καθ’ὅ.
1045 4120 1080 4180 τί
1096 4110 1135 4201 δὴ
1153 4116 1270 4201 Myse&

338 4222 377 4288 In
394 4219 444 4285 his
462 4212 576 4284 καθ’”
557 4242 575 4284 ο
593 4228 642 4284 est
658 4230 801 4283 nostrum
819 4220 858 4284 in
875 4218 943 4286 wie
961 4216 1055 4285 fern.
