2859 4909
581 343 704 458 avus.
1118 386 1159 454 91

132 540 256 625 quidem
274 540 369 605 etiam
386 541 420 606 in
433 540 504 607 ahie
518 523 709 607 carminibus
723 551 833 607 exacte
847 540 1030 627 compositis
1043 540 1164 607 factum

131 655 186 708 est.
231 643 273 707 Ei
295 643 336 709 de
358 666 423 728 quo
445 644 550 712 dicere
571 644 692 712 institui
713 644 821 711 versui
846 644 1011 732 oppositus
1037 654 1087 710 est
1112 643 1165 709 hic

132 741 258 833 ἀγαθὴν
276 740 365 835 ἥκεις
382 744 457 832 ἐμοὶ
474 749 595 836 σωτήρ.
641 746 852 816 Soribendum
869 747 979 835 igitur:

228 895 230 906 »
345 848 385 917 σὺ
405 850 441 918 δὲ
457 847 553 918 τοῦθ’
570 848 671 939 οόρᾷς
688 846 751 939 λίγ’
769 849 802 931 ἐς
819 846 938 919 κοινόν.

193 952 291 1037 Quod
313 953 354 1021 de
375 954 591 1043 responsionis
610 956 777 1023 severitate
794 955 828 1021 in
844 954 905 1022 hoc
923 954 1061 1022 carmine
1078 952 1165 1020 dice-
1239 1023 1248 1036 p

132 1056 212 1144 bam,
231 1080 296 1123 non
314 1057 501 1124 convellitur
517 1080 612 1125 versu
629 1058 704 1124 459.

302 1156 433 1247 ἀγαθὸν
451 1166 610 1250 πορίσας,
629 1166 727 1230 τοῦτο
746 1157 855 1229 κοινὸν
873 1158 976 1241 ἔσται,

132 1263 179 1327 cui
197 1263 253 1348 qui
271 1264 435 1352 oppositus
453 1276 503 1330 est
519 1264 594 1331 547.

301 1367 344 1434 τά
361 1392 398 1434 τε
415 1372 529 1434 νοττία
545 1364 711 1452 κάμαυτὸν
731 1365 864 1455 οἰκήσω,

131 1468 168 1535 de
190 1492 228 1536 eo
253 1471 415 1558 egregiam
437 1470 616 1537 Hermanni
638 1471 888 1538 emendationem
911 1469 989 1535 mihi
1014 1468 1165 1534 indicavit

131 1572 304 1659 Hauptius:

102 1691 105 1698 '
261 1675 264 1690 ’
300 1676 343 1743 τά
360 1701 397 1744 τε
414 1672 712 1761 νοττίαικόμαοτὸν
731 1675 917 1744 οἷκετεόοοι.

133 1779 209 1844 Eam
223 1781 425 1847 verissimam
439 1781 608 1848 esseillius
621 1804 733 1848 versus
748 1781 1009 1858 emendationem,
1027 1777 1164 1845 ostendit

134 1883 243 1951 allatus
263 1883 304 1950 ab
322 1883 509 1952 Hermanno
525 1884 697 1972 Euripides
714 1884 837 1951 Alcest.
855 1884 931 1950 449.
953 1879 1011 1950 τὸν
1029 1878 1165 1949 ἀνάλιον

135 1982 217 2054 οἶκον
236 1986 424 2068 οἰκετεόοις,
444 2010 540 2073 quem
553 1986 762 2075 Aristophani
776 1987 978 2056 obversatum
992 2008 1063 2052 esse
1077 1993 1165 2051 tanto

135 2092 245 2157 certius
269 2102 333 2170 cst,
357 2114 429 2157 cum
452 2093 480 2158 is
504 2091 598 2157 etiam
617 2114 729 2159 versus
746 2091 821 2159 539.
844 2088 930 2159 πολὺ
954 2087 993 2177 όη
1012 2085 1098 2155 πολὺ
1122 2083 1163 2172 δὴ

133 2181 387 2274 χαλεπωτάτους
413 2193 531 2281 λόγους
557 2194 694 2260 colorem
716 2218 758 2262 ex
779 2195 901 2261 Alcest.
924 2192 998 2259 455.
1025 2191 1164 2258 duxeritr

135 2296 215 2364 πολὺ
236 2295 277 2386 δὴ
294 2295 382 2365 πολὺ
402 2295 439 2385 δὴ
459 2293 580 2384 γυναῖκ’
597 2293 745 2387 ἇρίοταν.

581 2487 630 2542 Vs.
648 2488 709 2542 462.

135 2592 185 2656 καὶ
196 2589 259 2678 μὴν
274 2588 362 2678 όργιό
375 2588 412 2679 νὴ
426 2590 483 2661 τὸν
497 2598 564 2660 Δία
577 2594 633 2659 καὶ
647 2591 907 2680 προπεφύραται
921 2588 1017 2676 λόγος
1031 2584 1079 2668 είς
1091 2611 1163 2672 μοι,

136 2691 168 2760 ὃν
185 2694 375 2779 διαμάττειν
393 2692 431 2763 οὗ
450 2696 579 2763 κωλύει.

192 2815 257 2882 Pro
280 2813 329 2896 εἷς
348 2841 409 2902 μοι
430 2816 638 2883 Halhertsma
658 2811 752 2904 ἡμῖν,
773 2814 934 2903 Bergkius
958 2804 992 2882 εὖ
1014 2839 1075 2899 μοι
1095 2824 1166 2880 ten·

137 2920 220 2998 tavit,
248 2942 384 3005 quorum
405 2931 517 2987 neutro
540 2942 622 3006 opus
643 2919 779 2986 videtur.
825 2918 878 2986 Cf.
905 2919 1044 3007 Lysistr.
1069 2919 1166 2985 1135.

137 3019 179 3101 εἷς
202 3024 260 3107 μὲν
287 3022 385 3111 λόγος
410 3049 469 3109 μοι
497 3020 581 3112 δεῦρ’
602 3019 655 3089 ἀεὶ
680 3029 882 3110 περαίνεται.
926 3022 1038 3107 Neque
1060 3023 1164 3109 magis

137 3127 245 3194 κωλύει
266 3127 452 3193 tentandum
474 3135 566 3213 puto,
589 3105 675 3211 quod
695 3126 946 3212 impersonaliter
967 3126 1047 3192 dixit
1069 3127 1164 3194 etiam

24 3303 25 3332 γ
138 3228 335 3320 Thucydides
367 3232 399 3309 Ι,
427 3230 500 3297 144.
532 3225 608 3297 οὕτε
643 3227 706 3317 γὰρ
743 3227 845 3296 ἐκεῖνο
876 3228 996 3298 κιαλόει
1027 3226 1061 3295 ἐν
1089 3241 1166 3308 ταῖς

24 3335 25 3344 ’
139 3334 291 3414 σπονδαῖς
315 3329 391 3401 οότε
412 3333 503 3414 τόόε,
527 3356 719 3419 quamquam
741 3333 803 3400 hoc
824 3333 864 3399 de
886 3332 963 3397 vitio
982 3340 1168 3417 suspectum

138 3436 224 3503 habet
238 3438 380 3505 Cobetus
396 3437 438 3503 ad
451 3438 573 3524 Hyper.
590 3461 636 3503 or.
651 3437 719 3502 fun.
735 3461 766 3523 p.
781 3436 832 3503 65.
875 3433 1026 3501 Similiter
1039 3433 1165 3522 ἐπείγει

139 3539 247 3606 dictum
269 3552 318 3608 est
340 3541 425 3627 apud
446 3540 649 3606 Athenaeum
667 3540 750 3606 XII.
769 3564 800 3626 p.
819 3539 893 3605 520.
912 3559 940 3603 o.
958 3539 1037 3625 περὶ
1053 3527 1092 3624 ἧς
1109 3544 1167 3605 νῦν

140 3639 172 3708 cri
188 3651 371 3731 κατεπείγει
389 3645 502 3730 λέγειν.

580 3831 630 3888 Vs.
648 3832 708 3885 484.

139 3924 207 4022 ἦρχέ
222 3963 257 4004 τε
275 3943 412 4026 Περσῶν
430 3942 563 4025 πρῶτον
580 3937 713 4003 πάντων
728 3940 868 4024 Δαρείου
887 3936 943 4002 καὶ
959 3935 1165 4022 Μεγαβύζου.

198 4058 245 4123 lta
256 4059 343 4138 libri3
361 4057 461 4144 probo
471 4080 565 4135 nunc,
579 4056 762 4143 reprobrata
771 4078 865 4142 quam
875 4057 979 4142 recepi
988 4056 1165 4143 Hirschigii

143 4161 320 4237 coniectura,
349 4161 435 4245 quod
456 4160 619 4247 Hauptius
642 4158 756 4248 Progr.
777 4157 881 4225 Acad.
906 4161 1001 4227 1862.
1014 4152 1162 4225 restituit

142 4248 250 4346 ἦρχότε
259 4270 395 4355 Περσῶν
404 4263 566 4351 πρότερος
576 4264 709 4331 πόντιον
720 4269 868 4353 Δαρείων
877 4261 1097 4350 καὶΜεγαβόζ
1142 4313 1151 4329 .
