2859 4909
274 398 336 464 196
603 409 979 468 ECCLESIAZUSAE.

273 552 360 617 Hinc
379 551 523 638 suspicor
540 553 636 617 ταυτὶ
653 573 711 637 pro
729 550 852 630 ταύτας
870 551 1071 616 scribendum
1086 574 1167 632 esse,
1187 562 1223 617 ut
1235 553 1312 619 cho-

273 677 343 720 rum
361 655 466 741 ipsum
483 654 650 741 compellet
662 654 847 741 Praxagora
861 676 995 738 eumque
1009 654 1088 720 haec
1101 666 1187 722 recte
1202 678 1313 722 curare
1426 643 1427 648 ἵ

274 757 451 824 admoneat.
559 757 564 768 '

727 892 775 947 Vs.
795 893 854 948 532.

854 993 901 1080 μὰ
919 993 966 1062 τὼ
986 997 1069 1075 θεώ,

512 1094 580 1165 ἀλλ’
598 1094 712 1188 ὥσπερ
732 1096 818 1183 εἶχον
838 1094 978 1186 ᾠχόμην.

340 1221 432 1286 Haec
453 1220 569 1307 regerit
585 1220 769 1308 Praxagora
791 1220 902 1286 marito
924 1219 1074 1287 obscuras
1097 1221 1255 1305 quasdam
1272 1223 1315 1289 de
1426 1239 1427 1254 ¹

277 1324 364 1391 exitu
386 1324 453 1390 eius
481 1323 677 1410 suspiciones
699 1324 851 1402 moventi3
878 1322 1048 1407 inquibus
1071 1323 1170 1390 verba
1197 1319 1315 1411 ὥσπερ

277 1423 376 1510 εἶχον,
404 1450 502 1511 quum
523 1425 720 1513 probabilem
742 1426 1029 1513 interpretationem
1054 1449 1118 1493 non
1145 1428 1317 1495 admittant

277 1531 421 1618 (pallium
448 1530 532 1597 enim
555 1530 666 1596 marito
689 1552 725 1596 se
752 1530 940 1617 surripuisse
962 1531 1107 1614 quamvis
1131 1532 1227 1598 tacito
1250 1533 1317 1598 iam

276 1657 324 1701 vs.
352 1633 425 1700 528.
454 1632 601 1699 confessa
627 1635 724 1712 erat),
753 1632 871 1717 aliquid
901 1633 970 1697 vitii
996 1634 1129 1699 traxisse
1157 1636 1316 1722 suspicor.
1378 1711 1382 1719 ,
1426 1699 1427 1704 ,

279 1735 489 1803 Scribendum
506 1745 583 1822 puto
603 1733 701 1822 οἷπερ
720 1731 825 1802 εἷσον.
870 1735 1004 1801 Dixerat
1021 1748 1126 1803 autem
1145 1738 1261 1804 mulier
1280 1760 1316 1805 se
1426 1725 1427 1766 ἶ

277 1838 397 1905 amicae
414 1838 580 1925 puerperio
598 1837 771 1904 laborantis
789 1862 886 1904 causa
903 1839 1028 1905 exiisse.
1426 1827 1427 1834 ἵ

731 1973 779 2028 Vs.
798 1973 858 2027 544.

424 2078 479 2146 ἵνα
497 2076 676 2163 θοίμάτιον
695 2077 856 2162 σώσαιμι,
875 2078 1160 2166 μεθυπεδησάμην

428 2185 611 2269 μιμουμένη
631 2204 668 2247 σε
685 2183 742 2247 καὶ
759 2186 930 2248 κτυποῦσα
947 2193 1018 2248 τοῖν
1036 2181 1156 2248 ποδοῖν

430 2287 484 2351 καὶ
502 2282 580 2364 τοὺς
598 2286 717 2363 λίθους
735 2289 884 2351 παίουσα
901 2290 941 2373 τῇ
958 2290 1129 2374 βακτηρίᾳ.

343 2405 464 2473 Iniuria
489 2429 645 2471 nonnemo
672 2405 752 2470 haec
778 2405 811 2469 in
838 2405 906 2469 vitii
933 2406 1144 2492 suspicionem
1170 2409 1317 2488 vocavit3

278 2509 339 2574 hoc
366 2508 442 2573 dicit
467 2508 664 2596 Praxagora,
684 2519 720 2573 ut
745 2508 874 2593 pallium
897 2532 917 2573 a
944 2509 1062 2595 rapinis
1088 2519 1319 2577 nocturnorum

279 2623 495 2698 grassatorum
514 2622 616 2676 tutum
635 2620 818 2698 praestaret,
839 2633 873 2676 se
892 2611 1014 2677 virilem
1032 2613 1192 2679 incessum
1209 2615 1318 2682 imita·
1426 2663 1427 2690 p

280 2727 345 2778 tam
372 2736 453 2780 esse.
501 2713 657 2779 Nimirum
690 2713 795 2780 baculi
825 2714 921 2800 pulsu
950 2715 1130 2800 pedumque
1161 2693 1327 2786 laconicis*

279 2815 471 2880 munitorum
489 2818 621 2903 strepitu
638 2818 813 2903 praedones
831 2815 998 2883 absterreri
1014 2841 1109 2905 posse
1127 2820 1268 2889 simulat.

732 2951 782 3007 Vs.
800 2952 860 3007 561.

389 3050 426 3122 οὗ
445 3053 507 3143 γὰρ
526 3054 574 3123 ἐ’τι
596 3070 667 3136 τοῖς
684 3059 850 3141 τολμῶσιν
869 3053 968 3145 αὐτὴν
988 3056 1106 3145 αἰσχρὰ
1124 3059 1204 3147 δρᾶν

388 3160 481 3228 ’ἐσται
498 3157 537 3227 τὸ
556 3160 689 3240 λοιπόν,
709 3156 855 3244 οὐδαμοῦ
874 3160 910 3227 δὲ
927 3173 1111 3249 μαρτυρεῖν,

388 3261 426 3331 οὐ
446 3276 671 3352 συκοφαντεῖν.

343 3385 416 3452 Νοο
434 3385 528 3450 credo
546 3383 625 3449 haec
643 3384 711 3449 sine
730 3383 806 3449 vitio
825 3383 940 3469 scripta
959 3407 1029 3451 esse
1035 3410 1044 3463 ;
1062 3399 1239 3473 μαρτυρεῖν
1257 3413 1318 3475 per

280 3512 314 3554 se
333 3489 365 3553 in
383 3489 458 3554 vitio
475 3488 550 3573 poni
567 3497 679 3574 potest.
725 3486 875 3551 Fortasse
894 3487 1009 3552 excidit
1027 3510 1151 3566 versus,
1171 3490 1204 3554 in
1223 3493 1316 3560 cuius

279 3581 368 3657 initio
387 3591 482 3656 fuerit
498 3590 617 3676 ψευδῆ.
663 3590 709 3654 At
729 3589 845 3656 sufficit
863 3590 997 3656 fortasse
1016 3586 1156 3679 οὐδαμῇ,
1182 3589 1220 3658 οὗ
1241 3593 1318 3661 δια-

279 3706 466 3782 μαρτυρεῖν.
510 3693 563 3758 De
591 3692 812 3780 διαμαρτυρίᾳ
840 3716 868 3757 v.
899 3691 1099 3759 Schcemann
1124 3694 1218 3761 Proc.
1244 3697 1316 3763 Att.

281 3820 312 3882 p.
332 3797 405 3863 638.
426 3819 494 3881 sqq.
1244 3825 1246 3828 ·

734 3930 781 3985 Vs.
801 3930 861 3984 565.

397 4032 441 4122 μὴ
461 4034 709 4121 λωποδυτῆσαι,
729 4033 774 4123 μὴ
794 4040 935 4123 φθονεῖν
952 4047 1023 4114 τοῖς
1041 4037 1191 4122 πλησίον.

345 4155 417 4223 Non
442 4178 512 4221 raro
534 4154 765 4241 Aristophanes
794 4156 861 4222 sine
887 4178 999 4223 sensus
1027 4157 1205 4224 discrimine
1234 4161 1318 4225 acri-

283 4271 366 4329 stum
385 4259 546 4325 coniunxit
563 4280 636 4324 cum
653 4260 810 4344 praesenti
816 4285 825 4337 3
843 4260 904 4325 hoc
922 4270 1027 4324 tamen
1042 4258 1121 4338 loco,
1140 4260 1195 4327 ubi
1211 4263 1316 4329 sexies
