2859 4909
535 372 725 431 PLUTUS.
1082 360 1144 426 211

112 534 179 577 rum
203 513 388 599 scripturam
410 515 490 600 πρὶν
516 520 621 581 ταῦτα
646 515 702 579 καὶ
729 511 859 601 φράσοι
883 537 956 598 μοι,
985 513 1041 579 ubi
1063 514 1146 581 Din-

113 614 228 680 dorlius
251 617 419 703 adscripsit
443 617 505 697 „id
526 631 575 684 est
596 618 650 684 καὶ
673 621 779 683 ταῦτα
801 618 883 706 πρὶν
903 616 1033 706 φράσαι
1052 623 1146 701 μοι.“

112 716 150 784 ld
170 718 276 805 ipsum
297 720 408 806 reponi
429 719 530 786 voluit
552 718 705 787 Cobetus.
750 718 835 785 Mihi
860 742 964 806 neque
985 720 1146 788 Dindorlii

111 819 190 887 ratio
219 822 398 907 probanda,
433 845 537 909 neque
568 822 770 910 transpositio
801 824 981 890 necessaria
1010 824 1144 891 videtur.

113 922 199 1007 Quid
216 924 300 991 enim
318 926 464 1013 impedit,
486 948 551 1013 quo
572 927 678 993 minus
699 926 756 992 καὶ
777 924 809 992 h
828 925 850 994 l.
872 926 917 992 ita
939 926 1060 993 dictum
1083 938 1147 994 sta-

110 1035 229 1106 tuatur,
257 1039 293 1094 ut
315 1030 491 1096 sexcenties
513 1030 633 1097 dictum
655 1040 732 1107 est,
747 1027 862 1095 bevor
882 1029 931 1096 du
957 1030 1051 1096 auch
1073 1053 1146 1100 nur

111 1142 247 1218 gesagt
264 1132 359 1199 hast.
381 1138 487 1200 ταῦτα
501 1144 607 1199 autem
621 1142 706 1199 recte
720 1133 767 1199 sic
780 1134 865 1220 poni,
879 1144 915 1199 ut
927 1133 970 1199 ad
982 1134 1146 1218 sequentia

111 1228 188 1310 ὅτου
204 1234 300 1323 χάριν
317 1235 485 1318 referatiu,
503 1236 580 1302 item
598 1247 733 1303 constat.
1190 1249 1194 1256 ‘

561 1404 611 1461 Vs.
630 1405 691 1460 281.

153 1513 189 1577 οἳ
205 1508 316 1578 πολλὰ
332 1509 564 1598 μοχθήσαντες
582 1506 640 1578 οὐκ
659 1507 760 1598 οὔσης
778 1512 896 1598 σχολῆς
914 1509 1102 1597 προθύμως

153 1607 240 1702 δεῦρ’
260 1607 418 1701 ἤλθομεν.
654 1686 656 1690 ,

173 1732 316 1800 Possunt
338 1755 415 1800 sane
437 1732 517 1799 haec
539 1734 586 1800 sic
607 1732 755 1820 intelligi,
782 1744 818 1799 ut
839 1732 913 1800 licet
938 1734 1055 1801 multos
1081 1734 1145 1800 iam

110 1834 234 1903 labores
261 1836 511 1924 profligaverint,
538 1846 643 1902 tamen
670 1858 711 1902 ne
739 1835 785 1903 sic
811 1838 940 1922 quidem
962 1837 1024 1904 sibi
1045 1838 1145 1905 otium

111 1949 280 2028 suppetere
297 1940 403 2006 dicant
420 1939 589 2028 agricolae.
627 1939 779 2006 Fortasse
796 1949 902 2008 tamen
919 1940 1147 2028 μοχθήσοοτες

111 2041 342 2130 Aristophanes
360 2043 539 2130 scripserat.

560 2211 610 2268 Vs.
629 2212 690 2267 367.

242 2313 311 2384 ἀλλ’
329 2313 407 2385 οὐδὲ
423 2314 462 2384 τὸ
479 2314 595 2402 βλέμμ’
613 2314 695 2384 αὐτὸ
713 2313 798 2383 κατὰ
814 2316 924 2406 χώραν
942 2315 1022 2400 ἔχει,
1138 2311 1141 2317 ’

241 2416 310 2487 ‹ttt’
327 2419 415 2488 loric
434 2419 591 2509 ἐπίδηλόν
607 2447 642 2488 τι
659 2419 955 2508 πεπανουργηκότι.

172 2542 267 2609 Haec
293 2542 435 2607 omnium
459 2541 614 2608 librorum
640 2541 796 2628 scriptura
822 2552 884 2619 est,
912 2541 974 2607 nisi
1000 2540 1086 2626 quod
1111 2541 1146 2605 in

110 2645 190 2712 Rav.
218 2644 523 2732 πεπανουργευκότι
550 2644 701 2731 scriptum
728 2654 786 2710 est.
830 2643 917 2710 Nihil
943 2653 1050 2711 autern
1077 2644 1146 2710 sani

110 2748 215 2815 verbis
238 2748 335 2827 inest,
357 2747 527 2833 inquibus
551 2746 707 2835 ἐπίδηλον
728 2770 787 2835 pro
804 2741 920 2832 ὅμοιον
938 2748 1056 2815 dictum
1075 2771 1146 2815 ease

112 2852 220 2918 statuit
242 2851 426 2931 scholiasta,
446 2873 540 2936 quem
563 2850 706 2935 sequitur
722 2850 765 2917 L.
783 2851 971 2918 Dindorfius
989 2851 1146 2920 Thesaur.

110 2956 151 3022 L.
171 2952 298 3022 G.111.
320 2977 352 3041 p.
373 2953 467 3022 1571.
485 2953 517 3020 d.
562 2953 661 3019 Recte
684 2954 731 3020 sic
752 2956 831 3021 mihi
851 2956 957 3022 locum
979 2955 1147 3021 emendare

110 3060 198 3124 visus
227 3080 317 3124 sum:
353 3052 421 3123 ἀλλ’
448 3053 536 3124 ἐστὶν
563 3053 720 3143 ἐπίδηλον
747 3051 801 3124 ὅτι
827 3056 1077 3143 πεπονούρμηκέ
1102 3083 1145 3124 τι.

112 3159 265 3228 Similiter
281 3160 457 3247 Bergkium
475 3160 649 3226 correxisse
667 3160 773 3240 video,
794 3156 862 3226 ἀλλ’
883 3158 972 3227 ἔστιν
990 3156 1147 3247 ἐπίδηλον

110 3266 141 3331 τὶ
152 3259 394 3352 concretivus
408 3257 469 3343 ὅτι,
490 3262 548 3330 sed
560 3273 726 3340 structura,
743 3273 780 3328 ut
788 3263 865 3328 mihi
875 3262 1003 3347 quidem
1013 3262 1145 3341 videtur,

111 3369 215 3433 minus
234 3366 389 3452 expedita.
439 3365 545 3450 Quam
563 3366 645 3431 Rav.
664 3365 757 3431 offert
779 3365 914 3431 formam
932 3365 1145 3452 πανουργεύω

110 3494 167 3558 pro
194 3474 371 3557 πανουρμῶ
399 3469 510 3536 seriori
539 3470 636 3536 aetati
667 3469 829 3547 usitatam,
866 3469 934 3534 eius
965 3468 1146 3556 exemplum

110 3574 207 3640 habet
229 3574 325 3639 etiam
341 3572 526 3658 Hesychius
549 3597 579 3638 v.
602 3572 793 3656 κιναβεύειν.
837 3570 943 3638 Versu
964 3572 1067 3659 primo
1087 3593 1147 3658 pro

111 3676 178 3759 ’ἔχει
200 3674 292 3742 Ven..
304 3698 363 3762 pro
384 3677 472 3741 varia
492 3676 627 3743 lectione
649 3675 745 3742 habet
767 3678 871 3759 μένει,
899 3675 985 3760 quod
1011 3674 1147 3742 fortasse

109 3788 262 3867 praestat.

110 4000 206 4057 posse,
224 3987 426 4054 monueratque
440 3981 470 4037 id
482 3983 539 4038 iam
548 3982 697 4055 Bergkius.
732 3981 811 4037 Fort.
826 3981 1004 4038 scribendum
1017 3978 1104 4040 ἄλλως
1116 4004 1147 4038 τε

110 4069 178 4127 τοὺς
199 4066 316 4143 ἄγοντας
336 4071 445 4126 οἰκέτας
462 4068 516 4145 tyci
532 4071 536 4138 l
552 4068 647 4143 ἔγνωκ’
663 4072 799 4151 ἐμαστοῦς
822 4069 852 4123 in
869 4069 971 4140 quibus
990 4086 1076 4141 quum
1093 4068 1147 4143 ἐγώ

110 4159 294 4231 antasyoaua
304 4155 466 4227 excidisset,
484 4154 577 4212 extitit
590 4154 639 4227 qui
655 4172 752 4212 versus
769 4155 929 4228 complendi
946 4172 1034 4211 causa
1051 4150 1147 4229 ὥσπερ

112 4242 239 4298 adderet.

868 4328 934 4393 14*
