2859 4909
724 364 929 431 EQUlTES.

759 502 810 560 Vs.
828 504 888 558 811.

530 607 617 699 πρὸς
630 604 825 696 Ἀθηναίους
841 611 898 675 καὶ
914 606 972 676 τὸν
990 609 1103 697 δῆμον.

370 732 486 800 Nescio
504 731 631 797 ansino
649 729 764 798 idonea
780 751 877 795 causa
889 729 1096 796 Halbertsma
1108 729 1188 797 haec
1205 733 1252 798 ita
1270 755 1353 799 con·

306 837 396 903 stitui
413 834 546 902 voluerit
563 829 650 920 πρὸς
666 829 723 900 τὸν
742 832 844 919 δῆμον
857 829 915 899 τὸν
924 827 1116 919 Ἀθηναίων.
1163 834 1217 900 cf.
1232 835 1350 920 Equit.

203 958 208 971 ·
306 941 383 1008 803.
400 935 468 1005 ὑπὸ
485 941 545 1004 τοῦ
559 937 706 1019 πολέμου
722 937 777 1001 καὶ
790 941 849 1021 τῆς
862 931 1006 1023 ὁμίχλης.
1051 937 1145 1002 1310.
1165 934 1200 1002 ἐκ
1218 939 1350 1028 πεύκης

307 1044 363 1109 καί
381 1041 494 1123 ξύλων.
539 1038 624 1105 Plut.
642 1038 715 1105 334.
734 1043 775 1126 τῇ
791 1037 924 1121 βαδίσει
941 1040 1060 1126 καὶτῷ
1077 1038 1179 1122 τάχει,
1200 1042 1222 1106 i.
1237 1065 1266 1108 e.
1285 1049 1349 1130 τῆς

303 1147 470 1232 βαδίσεως
486 1148 534 1231 τῶ
552 1142 654 1225 τάχει.
697 1141 848 1207 Fortasse
867 1141 961 1207 etiarn
974 1140 1051 1208 Pao.
1067 1142 1139 1209 770.
1158 1139 1245 1210 κάπὶ
1262 1146 1348 1231 τρά-

305 1248 388 1337 πέζῃ
406 1249 462 1314 καί
479 1250 690 1330 συμποσίοις,
708 1243 765 1310 ubi
781 1244 855 1310 vide
871 1253 978 1311 tamen
995 1267 1076 1330 quae
1094 1248 1258 1313 annotavi.

755 1413 805 1470 Vs.
823 1414 885 1468 812.

321 1520 396 1612 ὁτιή
416 1546 453 1591 σε
471 1522 582 1611 φιλῶ,·
617 1527 688 1587 ΔΗ.
706 1524 775 1586 ποῶ
794 1514 878 1587 παῦ’
899 1508 996 1600 οὗτος
1013 1522 1068 1587 καὶ
1084 1517 1129 1608 μὴ
1148 1524 1328 1608 σκέρβολλε

904 1622 1044 1711 πονηρά.
1152 1691 1156 1700 .

367 1748 419 1813 Ita
445 1744 632 1810 Elmsleium
660 1751 788 1809 secutus
815 1742 928 1830 scripsi
956 1755 1127 1831 praeeunte
1153 1744 1344 1829 Dindorfio;

301 1850 447 1919 codicum
470 1847 624 1934 scriptura
650 1857 698 1913 est
724 1851 794 1913 ποῦ
822 1842 945 1913 οὑτοσί.
989 1846 1163 1914 Elmsleius
1185 1848 1344 1916 Photinm

300 1979 333 2042 p.
351 1953 426 2031 403,
444 1951 476 2018 4.
495 1959 684 2016 antestatur:
711 1955 800 2016 Ποῦ·
822 1947 861 2016 τὸ
879 1955 1008 2017 παῦσαι
1026 1951 1158 2037 λέγουσι
1174 1956 1343 2036 μονοσολ-

303 2056 423 2140 λάβως.
467 2053 624 2119 Nimirum
645 2053 678 2118 in
700 2053 800 2129 locis,
818 2052 875 2118 ubi
900 2053 1011 2119 ultima
1032 2053 1165 2120 eliditur.
1209 2057 1343 2124 Aristo-

301 2159 415 2248 phanis
437 2157 543 2222 locum
566 2156 660 2223 aliam
684 2155 746 2222 sibi
766 2154 921 2221 medelam
943 2179 1074 2243 poscere
1099 2158 1177 2222 mihi
1198 2161 1342 2225 certissi-

300 2287 389 2330 mum
419 2262 553 2328 videtur.
598 2258 781 2326 Lenissima
812 2260 880 2325 eius
911 2260 1100 2326 emendandi
1129 2262 1209 2328 ratio
1240 2264 1340 2330 fuerit

299 2363 382 2435 παῦ’
404 2355 431 2432 ῶ
455 2354 561 2444 οὗτος.

751 2529 801 2586 Vs.
820 2530 881 2585 872.

375 2640 485 2725 ζεῦγος
503 2636 684 2724 πριάμενος
702 2634 860 2720 ἐμβάδων
877 2636 971 2703 τουτί
988 2649 1104 2725 φορεῖν
1122 2638 1255 2724 δίδωμι.

365 2761 420 2858 Sic
446 2766 627 2825 constanter
651 2755 753 2822 Attici
779 2756 890 2842 ζεῦγος
916 2778 989 2822 cum
1016 2757 1103 2824 duali
1127 2760 1335 2846 coniungunt.

297 2864 422 2932 Vitiose
444 2862 559 2949 legitur
574 2861 614 2925 in
635 2860 860 2946 Aristophanis
886 2859 1064 2947 fragmento
1091 2862 1177 2947 apud
1197 2861 1338 2930 Ammo-

297 2969 386 3034 nium
404 2989 435 3053 p.
456 2965 528 3030 149.
550 2958 571 3050 ἢ
592 2962 774 3051 βοιδαρίων
795 2988 846 3043 τις
869 2958 1039 3031 ἀπέκτεινε
1062 2964 1173 3051 ζεῦγος
1193 2968 1335 3049 χολίκων

297 3070 492 3153 ἐπιθυμῶν,
512 3077 544 3131 et
560 3067 593 3132 in
612 3066 790 3153 fragmento
807 3065 922 3132 Alcaei
940 3067 1053 3152 comici
1069 3067 1131 3134 vol.
1144 3069 1191 3134 ΙΙ.
1210 3093 1243 3157 p.
1259 3072 1333 3138 828.

297 3170 444 3242 πωλικὸν
463 3170 575 3256 ζεῦγος
590 3173 689 3254 βοῶν.
736 3168 870 3256 Corrige
886 3169 1073 3258 βοιδαρίοιν
1091 3181 1123 3237 et
1138 3175 1244 3256 βοοῖν.

750 3355 800 3411 Vs.
818 3355 879 3410 891.

293 3468 503 3556 προσαμφιῶ
521 3461 609 3528 τοδί·
629 3458 669 3529 σὺ
689 3457 721 3527 d’
738 3457 855 3544 οίμωζ)
872 3449 899 3526 d
917 3456 1043 3549 πονήρ’.
1080 3470 1183 3529 ΔΗΜ.
1205 3463 1321 3549 ἰαιβοῖ.

293 3565 354 3637 οὐκ
372 3567 406 3648 ίς
423 3567 564 3656 κόρακας
582 3560 778 3653 ἀποφθερεῖ
792 3563 917 3652 βύρσης
933 3564 1086 3632 κάκιστον
1104 3563 1186 3646 ὄζων
1191 3596 1203 3649 ,·

275 3683 280 3694 ’
359 3688 410 3754 Ita
427 3687 506 3753 haec
524 3686 622 3753 edidit
638 3685 842 3764 Dindorfius;
864 3684 936 3750 libri
955 3684 981 3751 ῶ
1000 3684 1123 3775 πόνηρε
1142 3685 1248 3771 αι’βοῑ,
1268 3691 1329 3756 nisi

291 3791 379 3876 quod
405 3790 486 3856 Rav.
520 3779 547 3856 ὦ
573 3784 688 3877 πονίρ’
716 3789 826 3867 habet,
862 3811 943 3873 quae
974 3810 1167 3873 quamquam
1198 3793 1330 3860 solerter

291 3893 459 3960 emendata
477 3902 559 3970 sunt,
578 3893 714 3959 fortasse
732 3902 837 3957 tamen
855 3891 1023 3977 scripserat
1040 3901 1149 3979 poeta:

334 4016 542 4102 προσαμφιῶ
559 4012 649 4079 τοδί·
669 4010 708 4081 σὺ
730 4007 761 4078 δ’
778 4006 896 4095 οἴμωζ’
913 4000 939 4076 ῶ
957 4009 1053 4098 πόνῳ
1071 4018 1205 4103 πονηρέ.
1250 3990 1259 4004 ’

334 4124 440 4185 ΔΗΜ.
460 4113 566 4198 αἰβοῖ,

334 4217 392 4287 οὐκ
410 4216 444 4298 ἒς
461 4218 602 4307 κόρακας
620 4213 817 4309 ἀποφθερεῖ
830 4219 955 4309 βύρσης
972 4217 1125 4286 κάκιστον
1142 4214 1245 4304 ditem
