2859 4909
707 378 897 437 PLUTUS.

736 517 787 574 Va.
805 518 866 572 422.

394 621 435 690 σὺ
455 619 486 689 δ’
504 618 535 691 ελ
551 629 619 706 τίς,·
642 619 734 712 ὠχρὰ
750 623 809 707 μὲν
826 621 889 712 μὰρ
908 617 993 690 εἷναί
1008 648 1069 707 μοι
1087 624 1202 704 δοκεῖς.

349 743 437 810 Nihil
454 744 495 810 de
511 743 562 810 hie
581 742 729 810 omnibus
747 743 826 808 milri
839 742 1072 830 Aristophanes
1093 745 1254 831 scripsisse
1269 744 1312 809 vi·

287 849 379 916 detur
395 858 520 935 praeter
542 846 583 914 σύ
603 843 634 918 δ’,
655 842 687 914 εἱ
702 850 770 929 τίς,·
793 858 905 927 cetera,
925 869 1008 932 quae
1026 846 1146 913 frustra
1163 848 1220 912 viri
1236 847 1312 913 docti

288 950 339 1019 vel
361 951 519 1039 explicare
540 950 592 1017 vel
614 948 782 1017 emendare
805 950 910 1016 eonati
936 960 1011 1016 eunt
1038 951 1209 1033 (Velsenue
1232 945 1313 1038 ὠχρὰ

287 1053 408 1140 μαινὰς
428 1049 524 1135 εἶναι)
547 1053 635 1120 stulti
656 1053 887 1140 interpolatoris
910 1076 1022 1119 manus
1045 1054 1173 1133 adiecit,
1201 1054 1253 1139 qui
1272 1054 1315 1118 in-

290 1169 413 1247 tegrum
435 1158 609 1223 trimetrum
632 1157 816 1241 requireret,
845 1178 908 1241 quo
930 1178 995 1222 non
1017 1178 1096 1243 opus
1119 1180 1190 1224 ease
1211 1158 1315 1223 dooere

290 1272 395 1350 potest
408 1260 549 1329 tharn.
565 1261 640 1327 407.
658 1258 742 1326 Nub.
757 1258 831 1325 235.
854 1258 936 1325 Rau.
952 1260 1026 1326 664.
1064 1258 1132 1327 cfr,
1148 1261 1189 1326 ad
1201 1260 1316 1347 Lyeiet.

294 1364 367 1431 169.
386 1376 417 1431 et
435 1363 612 1430 Teuffeliue
631 1364 672 1430 ad
688 1362 773 1429 Nub.
795 1361 887 1428 1233.

745 1540 794 1596 Ve.
813 1540 873 1594 498.

343 1653 400 1714 καί
416 1671 470 1714 τοι
486 1646 606 1713 τούτου
624 1657 696 1725 τοῖς
715 1640 912 1733 ἀνθρώποις
928 1649 979 1724 τίς
997 1640 1037 1712 ἂν
1056 1643 1182 1733 ἐξεύροι
1198 1641 1269 1712 ποτ’

896 1742 1046 1832 άμεινον,·

337 1848 446 1931 οὐδεὶς
464 1847 519 1918 άν·
539 1847 602 1938 ἐγὼ
620 1850 740 1918 τούτου
759 1850 895 1937 μάρτυς.

357 1972 408 2039 Ita
419 1971 608 2038 Diodorfius
625 1971 706 2037 haeo
724 1971 855 2037 edidite
874 1971 943 2038 cod.
957 1971 1058 2037 Dorv.
1078 1995 1138 2038 neo
1156 1972 1316 2057 quidquam

294 2078 327 2143 in
344 2077 394 2142 hie
412 2068 656 2162 vituperandum
674 2084 769 2153 esset,
788 2074 850 2140 niei
867 2075 977 2162 optimi
993 2075 1065 2141 libri
1077 2074 1151 2142 RV.
1167 2086 1198 2141 et
1211 2074 1315 2140 Mutin.

294 2178 481 2268 praeberent
508 2173 629 2257 οὐδεὶς·
659 2174 722 2265 ἐγώ
747 2201 801 2245 σοι
827 2177 946 2245 τούτου
973 2178 1111 2267 μάρτυς,
1141 2180 1231 2245 ouius
1255 2179 1318 2244 looo

294 2283 381 2369 quod
398 2282 494 2349 ceteri
511 2282 647 2364 habent,
667 2275 758 2360 ούτις
777 2278 839 2366 ἐγώ
859 2304 928 2360 σοι,
952 2303 1016 2347 nou
1034 2282 1139 2349 minue
1161 2282 1318 2368 interpola·

295 2387 373 2453 tioni
396 2385 497 2451 simile
521 2395 583 2463 eat,
608 2407 704 2470 quam
726 2383 828 2450 Dorv.
852 2383 940 2450 illud.
986 2382 1198 2451 Scribendum
1218 2381 1318 2452 οὐδέν·

296 2487 359 2576 ἐγώ
384 2512 439 2556 σοι
460 2487 579 2556 τούτου
602 2487 743 2572 μάρτυς,
771 2488 823 2553 oui
841 2488 1013 2574 scripturae
1031 2498 1066 2553 ut
1084 2511 1142 2555 ena
1158 2489 1238 2554 ratio
1255 2510 1320 2553 oon·

296 2603 367 2671 stet,
385 2592 419 2658 in
435 2592 643 2679 praecedente
661 2613 756 2656 versu
774 2613 832 2677 pro
848 2595 899 2669 τίς
916 2592 1096 2677 ponendum
1113 2593 1178 2671 τὶς,
1193 2595 1323 2679 poeaitne

297 2698 410 2781 aliquia
436 2696 564 2760 meliora
589 2692 744 2760 invertire?
778 2694 830 2760 oui
856 2693 919 2758 iam
949 2704 1033 2760 reete
1063 2695 1197 2761 infertur
1227 2691 1322 2772 οὐδέν,

297 2796 384 2883 quod
405 2796 634 2863 restituendum
658 2819 730 2863 ease
751 2797 905 2862 intellexit
927 2797 1020 2861 etiam
1041 2796 1183 2864 Cobetue
1202 2798 1243 2864 ad
1259 2796 1324 2884 Hy·

297 2899 414 2988 peridis
436 2923 481 2964 or.
506 2899 573 2966 fun.
595 2922 627 2986 p.
651 2900 704 2966 38.
711 2948 721 2978 ,
749 2899 806 2965 sed
833 2909 867 2964 ut
893 2908 997 2966 oetera
1019 2901 1171 2968 audacius
1194 2907 1276 2967 huno
1295 2901 1324 2965 in

297 3003 428 3071 modum
446 3012 582 3069 mutaret
600 3008 634 3069 τύ
651 2998 691 3068 άν
711 3000 839 3088 ἐξεύροι
856 3027 907 3081 τις
925 2997 1074 3086 άμεινον,

752 3179 802 3237 Vs.
820 3180 880 3235 505.

342 3285 456 3357 οὐκοῦν
474 3283 559 3354 εἶναί
576 3280 669 3374 φημ’,
689 3284 720 3352 εἰ
737 3285 867 3353 παύσαι
884 3283 1004 3373 ταύτην
1021 3287 1152 3373 βλέψας
1168 3283 1252 3356 ποθ’
1269 3285 1285 3355 ὃ
1302 3367 1306 3390 Ι

899 3391 1059 3469 Πλοῦτος,

341 3491 418 3562 ὁδὸν
446 3488 546 3582 ἥντιν’
573 3489 632 3559 ι’ὡν
657 3503 730 3571 τοῖς
761 3488 957 3577 ἀνθρώπως
988 3489 1091 3579 ἀγάθ’
1117 3489 1157 3560 clv
1187 3494 1263 3579 μείζ

901 3600 1080 3683 πορίσειεν.

363 3718 445 3784 Rav.
468 3722 598 3785 παῦσαι
619 3715 739 3803 ταύτην
761 3718 903 3802 βλέψας,
933 3713 1014 3781 Ven.
1038 3715 1162 3784 παύσει
1181 3714 1270 3784 ταῦτ’
1290 3711 1327 3783 άν

298 3822 422 3907 βλέψῃ,
443 3820 496 3885 alii
514 3820 645 3887 πούσαι
661 3820 713 3885 vel
730 3819 856 3886 παύσει
872 3813 961 3884 ταῦτ’
977 3814 1016 3906 ἢν
1032 3821 1152 3907 βλέψῃ,
1172 3821 1327 3908 Bergkiue

300 3922 431 3990 παύσαι
443 3918 533 3988 ταῦτ’
546 3918 731 4009 άμβλέψας,
750 3945 813 4008 qua
826 3922 929 3989 forma
942 3922 1041 3989 semel
1053 3921 1189 4010 Eupolis
1202 3926 1327 4013 Fragm.

301 4025 393 4092 Com.
421 4024 466 4089 ΙΙ.
489 4047 521 4111 p.
543 4027 617 4092 464.
661 4025 894 4112 Aristophanes
921 4026 977 4091 vix
1002 4048 1141 4110 unquam
1169 4051 1247 4094 usus
1275 4034 1329 4093 est.

301 4128 473 4216 Optativus
495 4127 626 4194 παύσαι
648 4129 680 4193 in
700 4128 798 4195 Pluto
819 4129 929 4195 fabula
955 4129 1031 4195 ferri
1056 4140 1175 4216 poteet3
1203 4142 1236 4196 at
1262 4153 1329 4197 oum

299 4232 422 4301 παύσει
440 4256 459 4299 a
476 4229 627 4296 librorum
645 4232 799 4316 scriptura
818 4233 894 4298 eatis
912 4234 1067 4298 munitum
1086 4235 1137 4313 sit,
1155 4234 1218 4301 hoo
1230 4235 1331 4321 ipsum
