2859 4909
466 360 763 420 utslsussata
1069 353 1131 422 127

108 499 244 594 tinctos?
264 503 448 570 Brunckiua
465 501 595 568 demum
617 503 766 583 mutavit,
789 525 885 589 quem
906 515 1032 591 praeter
1047 505 1131 573 Din-

107 609 228 676 dorfium
251 617 381 674 secutus
403 615 453 672 cst
473 603 634 693 Engcrus.
678 604 732 672 Ao
752 605 840 672 favet
857 606 1020 676 Brunokio
1038 610 1131 677 scho-

106 715 203 780 liastae
219 709 436 797 interpretatio
455 702 707 795 ἆναχιορήσατε,
731 721 914 797 comparata
931 733 1004 780 cum
1021 711 1131 801 glossa

105 814 250 903 Hesychii
271 809 436 897 Ἅπαῖρει·
464 806 637 899 ἀναχωρεῖ.
684 810 758 878 Non
783 812 942 899 acquievit
966 824 1072 882 tamen
1097 816 1131 882 in

103 921 154 986 hoc
188 926 304 985 conatu
337 914 518 993 Porsouus,
553 915 606 982 cui
635 914 711 982 olim
743 914 883 1004 αἴρεσθε
913 920 985 998 νῦν,
1019 928 1131 1005 postea

103 1016 223 1112 αἴρεσθ’
251 1014 320 1088 ἅνω
353 1016 557 1085 scribendum
587 1015 764 1085 videbatur.
810 1017 864 1088 ef.
899 1018 1056 1088 Kiddium
1088 1021 1130 1088 sd

101 1124 234 1194 Dawesii
254 1121 394 1189 Miscell.
418 1143 450 1209 p.
472 1120 548 1187 436.
592 1120 648 1186 Ad
674 1142 783 1188 veram
805 1121 993 1210 scripturam
1013 1123 1129 1192 ducere

102 1230 216 1295 videtur
228 1225 402 1307 Brasaca,
421 1247 462 1291 ex
474 1246 539 1310 qua
551 1232 698 1291 enotatur
711 1223 852 1311 α’ίρεσθε
866 1223 898 1293 δ’
913 1225 935 1291 i.
950 1247 978 1292 c.
991 1236 1028 1294 ut
1041 1226 1130 1313 equi-

102 1335 166 1399 dem
182 1330 296 1419 opinor
311 1333 575 1405 AIPAICOAIA‚
595 1348 635 1393 cx
652 1348 717 1412 quo
735 1348 794 1393 sua
811 1336 924 1416 sponte
942 1328 1089 1418 emergitz

157 1428 294 1523 ἅραισθ
311 1427 351 1499 ἂν
369 1420 397 1498 ὦ
414 1441 565 1518 γυναῖκες
582 1424 652 1496 ἀπὸ
670 1434 738 1496 τῶν
754 1429 925 1498 καλπίδων
942 1468 986 1482 -

102 1561 173 1625 quae
188 1536 358 1604 notissima
374 1544 424 1601 est
441 1532 618 1600 iubentium
636 1531 761 1601 dicendi
778 1533 889 1616 forma,
909 1544 945 1602 ut
956 1533 1039 1604 Rau.
1052 1534 1127 1604 437.

17 1639 24 1656 '
104 1636 193 1731 αἴροι’
211 1636 252 1708 ἂν
270 1628 374 1718 αὖθις
392 1625 420 1704 ὦ
437 1647 513 1706 παῖ.

548 1788 596 1846 Va.
615 1788 676 1844 553.

138 1888 201 1989 κᾷτ’
219 1896 328 1984 ἐντέξῃ
346 1900 480 1962 τέτανον
496 1891 638 1979 τερπνὸν
654 1905 726 1973 τοῖς
745 1890 886 1978 ἀνδράσι
902 1897 959 1962 καὶ
976 1895 1082 1986 ροπα-

693 1996 843 2082 λισμσύς.

157 2120 332 2190 Barbarum
366 2118 502 2188 sormam
539 2115 648 2206 ἐντέξῃ
684 2118 738 2184 alii
773 2118 864 2185 aliter
889 2118 997 2186 tollere
1024 2121 1129 2187 conati

18 2219 24 2316 ξ
105 2238 175 2293 sunt.
219 2222 425 2310 Hirschigius
452 2219 588 2310 ἓνστάξρ
616 2220 763 2300 coniecit,
789 2220 876 2310 quod
903 2221 994 2289 unice
1015 2220 1129 2309 probat

17 2393 21 2416 ,
107 2329 247 2396 Cobetus.
292 2326 393 2392 Recte
415 2325 479 2391 dici
497 2322 661 2422 ἒνσιάζειν
678 2329 789 2408 μένος,
815 2324 943 2413 ἵμερον,
972 2322 1079 2410 ἔρωτα
1096 2337 1129 2391 et

17 2459 22 2480 ν
106 2432 208 2499 similia
229 2429 432 2497 notissimum
454 2437 517 2508 est,
541 2436 575 2494 at
597 2430 751 2513 occupat
768 2428 824 2494 καὶ
842 2427 1046 2518 ῥοπαλισμοὶ
1063 2450 1127 2514 quo

105 2547 185 2622 pacto
210 2535 360 2601 ιάεῖῖὶλινῖ
383 2532 520 2619 possint,
547 2529 649 2597 fateor
670 2553 722 2596 me
744 2553 809 2597 non
830 2530 1015 2621 intelligere.
1060 2531 1128 2597 Neo

16 2627 19 2642 ¹
106 2641 195 2727 magis
217 2635 374 2705 satisfacit
394 2636 481 2720 quod
503 2634 663 2723 Bergkius
689 2634 855 2722 proposuit
881 2632 1011 2723 ἐντήξῃ.
1048 2634 1129 2703 For·
1163 2709 1166 2715 ν

106 2753 178 2809 tasse
199 2763 312 2808 verum
337 2749 386 2805 est
412 2737 499 2826 quod
519 2737 589 2826 ipse
614 2736 708 2825 posui
735 2734 867 2826 ἐντεῖνῃ.
911 2738 951 2805 In
977 2748 1129 2825 sequente

108 2867 189 2911 versu
208 2842 297 2910 nulla
314 2863 412 2909 causa
430 2851 479 2908 est
497 2863 554 2908 cur
571 2835 611 2907 iio
630 2838 786 2907 scribatur
802 2863 860 2928 pro
878 2836 925 2922 ἐν,
947 2843 1128 2911 καλεῖσθαι

108 2946 234 3014 futurum
252 2956 310 3013 est.
405 2963 412 2976 “

543 3095 593 3152 Va.
612 3095 672 3152 627.

169 3207 223 3272 act
240 3205 352 3270 λαλεῖν
367 3213 522 3290 γυναῖκας
540 3195 643 3280 οὔσας
661 3196 806 3279 ἀσπίδος
821 3201 940 3288 χαλκῆς
958 3205 1047 3290 πέρι.

159 3327 287 3411 Χαλνῆς
309 3323 386 3389 satis
409 3321 547 3389 otiosum
570 3330 619 3387 cst
641 3319 734 3407 clipei
757 3320 931 3408 epitheton,
958 3343 996 3387 ao
1018 3323 1126 3388 nescio

108 3449 139 3491 an
155 3450 264 3495 sensus
288 3426 329 3493 sit
350 3425 499 3492 mulieres
521 3435 672 3509 tanquam
689 3421 799 3490 fabros
816 3422 964 3489 ferrarios
981 3423 1068 3508 loqui
1086 3424 1126 3490 de

108 3528 203 3616 clipeo.
247 3529 302 3596 De
322 3528 384 3594 hac
404 3527 579 3596 accusativi
599 3528 703 3594 forma
724 3526 887 3592 nominum
905 3526 939 3593 in
955 3549 1010 3605 εος
1026 3548 1127 3612 quan-

108 3640 163 3698 tum
179 3635 255 3701 satis
273 3642 323 3699 cst
339 3631 461 3698 dictum
477 3631 512 3697 in
529 3629 617 3697 Hist
637 3629 704 3695 orit.
723 3652 755 3717 p.
774 3629 849 3696 469.

542 3799 593 3856 Vs.
612 3800 672 3855 709.

221 3918 317 3978 ποιεῖ
332 3902 364 3993 μ’
382 3902 516 3992 ἄθυμον
532 3915 731 3993 περισπεῖν
747 3899 775 3972 τ’
793 3898 860 3970 ἅνω
878 3901 978 3972 κάτω.

161 4027 317 4117 Bergkius
342 4039 429 4096 recte
455 4026 555 4095 sensit
579 4026 659 4092 hacc
679 4048 745 4093 non
767 4025 844 4094 satis
866 4025 988 4115 integre
1011 4026 1129 4115 scripta

112 4147 183 4210 csse,
202 4131 337 4217 ideoque
358 4127 386 4197 τ’
405 4140 479 4219 post
499 4140 697 4219 περισπεῖν
720 4129 885 4217 expungit.
929 4128 1038 4218 Magis
1059 4117 1129 4218 pia·

113 4241 181 4297 teret
195 4246 289 4302 ποιεῖ
303 4229 335 4317 μ’
353 4230 497 4317 ἀθυμεῖν
514 4244 713 4321 περιπατεῖν
730 4227 758 4299 τ’
775 4227 843 4299 ἄνω
861 4231 962 4301 κάτω.
