2859 4909
597 344 970 405 ECCLESIAZUSAE.

729 520 778 576 Vs.
797 521 840 575 21.

697 644 894 728 καταλαβεῖν
913 641 944 711 δ’
960 641 1047 733 ἡμᾶς
1065 643 1180 732 ἕδρας,

377 743 417 823 ἃς
437 743 631 832 Φυρόμαχός
648 741 724 813 ποτ’
741 742 847 826 εἶπεν,
867 746 898 814 εί
913 744 1075 835 μέμνησθ’
1091 747 1156 827 ἔτι,

375 848 428 915 δεῖ
443 844 503 927 τὰς
521 845 633 937 ἑτέρας
650 872 725 928 ιτως
742 844 1027 936 κάγκαθεζομένας
1043 852 1179 917 λαθεῖν.

332 987 398 1053 Res
420 985 505 1072 ipsa,
532 1007 628 1071 quam
650 986 752 1073 tangit
773 997 881 1073 poeta,
904 988 1097 1075 perobscura
1118 998 1174 1054 est
1199 1009 1240 1053 ao
1263 989 1319 1066 vix
1357 989 1360 994 ’
1419 1031 1420 1066 ᾗ

268 1113 409 1176 unquam
435 1088 529 1175 plena
556 1088 627 1154 luce
653 1088 874 1170 illustrabitur3
900 1090 962 1158 hoo
984 1102 1091 1157 tamen
1112 1100 1245 1157 certum
1269 1100 1319 1156 est
1419 1081 1420 1166 g

269 1195 496 1281 Praxagoram,
515 1212 588 1258 cum
602 1190 677 1257 dicit
689 1189 751 1270 τὰς
765 1189 878 1276 ἑτέρας
893 1193 995 1273 sedes,
1013 1193 1114 1282 digito
1131 1203 1318 1260 monstrare
1419 1203 1420 1274 ᾗ

268 1298 364 1365 aliam
386 1295 500 1383 pnyeis
521 1304 658 1381 partem,
681 1294 738 1361 ubi
761 1316 796 1361 se
818 1295 914 1363 latere
931 1319 1026 1383 posse
1045 1307 1171 1384 sperat3
1192 1307 1228 1362 at
1245 1317 1318 1382 per·
1419 1347 1420 1352 1

269 1423 366 1486 quam
387 1398 588 1466 incommoda
610 1408 658 1464 est
683 1398 839 1484 particula
865 1423 953 1480 ιιισς,
979 1410 1015 1466 ut
1041 1400 1108 1466 fere
1136 1398 1317 1487 legendum
1419 1427 1420 1476 ς

253 1497 378 1592 'putem
397 1496 474 1571 ὥστ’
495 1498 754 1588 ίγκαθεζσμίιας
771 1502 899 1569 λαθεῖν.
944 1502 1116 1569 Librorum
1136 1503 1316 1588 scripturas

270 1607 361 1674 attuli
386 1606 420 1672 in
445 1604 646 1671 adnotatione
673 1603 794 1684 critica,
822 1603 877 1672 ubi
899 1605 1031 1693 Bergkii
1053 1605 1315 1671 emendationem

270 1730 444 1777 memorare
460 1707 588 1794 neglexi
611 1707 663 1774 δεῖ
678 1704 739 1787 τὰς
756 1706 889 1796 ἑταίρας
905 1707 1083 1795 (satidana)
1101 1704 1315 1796 κᾶμκαθεζσ-
1343 1767 1347 1772 ,
1419 1743 1420 1808 3

269 1817 370 1897 μένας
387 1812 518 1878 λαθεῖν.

735 2014 786 2070 Vs.
804 2015 846 2069 34.

402 2134 493 2227 τήνδ’
510 2135 736 2221 ἐκκαλέσωμαι
754 2135 1026 2236 θρομονοῖσατὴν
1043 2138 1165 2226 θύραν.

336 2276 441 2344 Valde
467 2276 586 2342 ineerta
612 2284 661 2340 est
686 2274 775 2340 verbi
799 2279 963 2362 θρογονᾶν
985 2276 1155 2363 scriptura3
1186 2280 1311 2361 θρυγο·
1398 2287 1401 2291 ’

272 2387 364 2450 νῶσα
380 2380 425 2459 R,
453 2378 507 2445 alii
527 2382 732 2465 τρογονιῦσα,
761 2378 814 2444 alii
832 2379 968 2464 denique
987 2383 1196 2464 τραγανῶσα.
1242 2375 1309 2441 He·

273 2484 404 2573 syehius
432 2485 626 2570 Θρυγανᾷ·
657 2485 772 2547 κνᾶται
799 2481 878 2569 (leg.
904 2485 963 2569 κνᾷ
988 2483 1060 2563 καὶ)
1089 2480 1170 2562 ξύει.
1218 2477 1308 2544 Idem

275 2590 486 2673 Θορμανᾶν·
512 2587 644 2670 κρίνειν,
669 2583 756 2669 quod
776 2583 917 2671 Bergkio
938 2583 1081 2672 κρούειν,
1099 2584 1180 2650 mihi
1203 2581 1306 2649 κνύειν

271 2687 475 2757 scribendum
492 2686 668 2753 videbatur.
713 2685 858 2770 Quorum
876 2686 1012 2753 fortasse
1029 2697 1178 2752 neutrum
1197 2705 1306 2751 verum

273 2801 336 2871 est,
365 2790 422 2857 sed
445 2787 646 2856 sen'bendum
672 2794 837 2876 θορτανᾶν
859 2790 880 2856 i.
899 2812 928 2855 e.
948 2794 1121 2877 τροτονᾶν,
1146 2793 1312 2856 trutinare..
1419 2807 1420 2882 ι

273 2897 313 2961 In
335 2890 559 2978 Aristophanis
581 2889 652 2957 loco
675 2896 874 2978 θρυγονῶσα
901 2894 1100 2959 consentiens
1128 2915 1202 2959 oum
1225 2891 1303 2957 Bas.
1419 2901 1420 2966 j

273 2997 371 3064 habet
388 2995 612 3081 Theognostus
630 3016 662 3080 p.
681 2996 734 3074 20,
753 2996 804 3062 23.

734 3214 783 3270 Vs.
801 3215 845 3269 43.

756 3332 802 3415 ὥς
819 3337 926 3424 Γλύκη
944 3337 1133 3420 κατώμοσεν

445 3441 503 3529 τὴν
521 3439 664 3527 ὑστάτην
681 3433 823 3527 ἥκουσαν
843 3439 931 3507 οἴνου
950 3453 1038 3529 τρεῖς
1052 3439 1135 3522 χόας

445 3542 537 3633 ἡμῶν
555 3539 727 3611 ἀποτίσειν
744 3536 950 3626 κάρεβίνθων
965 3548 1102 3625 χοίνικα.
1123 3598 1124 3602 ,

338 3686 458 3750 Parum
484 3680 649 3749 commodo
675 3680 746 3746 loeo
772 3679 909 3765 positum
931 3674 1023 3766 ἡμῶν
1049 3702 1113 3745 non
1138 3679 1302 3765 probarem

274 3800 382 3853 tamen
400 3788 427 3852 si
444 3785 515 3871 quis
533 3785 605 3851 ideo
622 3784 654 3849 in
673 3778 750 3871 ἡμῖν
768 3790 922 3847 mutatum
940 3781 1044 3848 vellet.
1078 3779 1220 3849 Omnino
1237 3778 1301 3847 nul-
1419 3779 1420 3828 i

274 3890 325 3955 lus
343 3888 395 3953 hio
412 3887 501 3953 locus
520 3895 569 3951 est
586 3885 764 3973 pronomini
782 3885 848 3950 sive
865 3879 957 3969 ἡμῶν
976 3884 1043 3951 sive
1060 3879 1151 3970 ἡμῖν,
1171 3904 1300 3970 quorum
1419 3887 1420 3966 j

273 4001 441 4072 utrumqne
460 3987 590 4052 eumad
609 3988 795 4053 sententiam
813 4007 941 4072 prorsus
964 3984 1118 4066 abundet,
1140 3988 1300 4055 molestam
1419 4017 1420 4084 }

273 4092 622 4181 παραπληρωματικοῦ
636 4089 773 4175 speeiem
787 4088 925 4175 praebet.
949 4089 1182 4176 Aristophanes
1196 4092 1301 4178 opinor

273 4187 294 4284 ἦ
311 4192 374 4283 μὴν
393 4193 569 4278 scripserat.
