2859 4909
768 380 893 439 AVES.

768 520 819 575 Vs.
836 519 897 574 929.

509 625 567 708 όὸς
584 626 656 712 ἐμὶν
675 619 729 693 ότι
745 649 809 712 περ
827 630 887 713 τεᾷ
904 626 1033 714 κεφαλᾷ
1050 625 1154 711 θέλῃς

508 729 671 819 πρόφρων
689 727 788 814 δόμεν
807 725 879 813 ἐμὶν
896 715 973 796 τεόν.

378 852 427 919 Νε
453 851 532 917 haec
558 850 687 936 quidem
712 849 841 915 fuerunt
867 849 923 934 qui
948 849 1102 914 intentata
1127 848 1343 932 relinquerent,

316 978 508 1042 quamquam
538 954 713 1020 rectissime
744 952 916 1020 scholiasta
940 952 1004 1018 ista
1031 949 1102 1035 ἐμὶν
1128 953 1200 1018 τεῒν
1226 960 1344 1036 poetam

314 1058 616 1146 dithyrambicorum
636 1056 887 1144 sugillandorum
905 1078 1002 1122 causa
1020 1056 1139 1123 dixisse
1159 1054 1282 1130 statuit,
1299 1051 1343 1126 his

314 1162 431 1228 doricis
457 1160 567 1227 formis
595 1159 637 1226 ad
662 1160 802 1225 taedium
832 1181 933 1244 usque
964 1160 1130 1225 utentium.
1177 1157 1345 1222 Prudenter

314 1288 353 1332 ea
379 1265 479 1331 dere
506 1263 655 1329 disseruit
679 1262 840 1329 Naeckius
869 1260 991 1349 Opuso.
1018 1263 1046 1329 1.
1073 1285 1104 1349 p.
1132 1262 1210 1329 236.
1253 1260 1342 1325 Risus

314 1391 413 1436 causa
430 1369 525 1434 etiam
543 1367 623 1432 dixit
638 1371 699 1454 τεᾷ
716 1367 845 1454 κεφαλᾷ
863 1365 963 1450 δόμεν
980 1389 1038 1452 pro
1056 1388 1095 1431 eo
1117 1364 1206 1451 quod
1228 1362 1343 1430 sobrius

313 1481 409 1559 poeta
434 1471 567 1536 dixisset
593 1475 652 1557 τεᾷ
677 1469 806 1557 κεφαλᾷ
829 1466 1002 1536 ἐπινεύειν.
1046 1468 1113 1536 Sed
1132 1470 1183 1533 'ita
1209 1464 1343 1533 solebant

313 1575 380 1653 isti,
407 1597 471 1640 non
493 1573 622 1659 quidem
639 1572 813 1649 Pindarus,
840 1573 930 1638 cuius
952 1573 1058 1658 poesis
1076 1595 1096 1637 a
1112 1571 1232 1638 talibus
1250 1568 1343 1634 aliena

313 1687 396 1755 erat,
414 1677 517 1761 etqui
535 1698 575 1741 ne
592 1677 660 1743 τεῒν
678 1675 807 1760 quidem
824 1675 857 1740 in
873 1676 928 1756 iis,
947 1698 1028 1761 quae
1045 1686 1183 1742 aetatem
1203 1672 1339 1748 tulerunt,

313 1780 506 1847 carminibus
524 1779 614 1844 dixit.
624 1776 658 1865 *)

756 1948 816 2006 Vs.
834 1948 895 2004 948.

460 2051 520 2133 κός
536 2050 594 2141 τὴν
612 2053 710 2121 πόλιν
727 2049 756 2141 y’
773 2050 882 2121 ἐλθὼν
900 2054 1032 2141 ποιήσω
1052 2053 1091 2141 δὴ
1109 2053 1199 2122 ταδί.

377 2175 470 2241 Haec
499 2174 631 2262 vulgata
661 2174 817 2261 scriptura
848 2184 909 2252 est,
946 2183 979 2239 at
1010 2170 1050 2262 όῆ
1078 2182 1171 2241 RVP
1192 2172 1338 2245 omittunt,

313 2278 398 2346 unde
416 2278 529 2365 scripsi
545 2276 666 2345 τοιαόλ
711 2276 804 2361 Quae
822 2277 963 2363 sequitur
979 2287 1092 2364 poetae
1110 2277 1276 2344 cantilena:

417 2400 536 2488 κλῇσον
555 2387 582 2463 ὦ
598 2395 806 2485 χρυσόθρονε
823 2393 882 2465 τὰν
899 2395 1061 2484 τρομερὰν
1079 2395 1218 2486 κρυερόν

417 2501 584 2591 νιφόβολα
602 2500 704 2569 πεδία
722 2499 903 2587 πολύπορά
920 2496 947 2567 τ’
964 2495 1090 2588 ἤλυθον
1109 2496 1243 2579 ἀλαλάν,

313 2625 347 2689 in
366 2646 404 2688 ea
420 2622 585 2689 Bentleius
609 2617 731 2689 ἆλαλαί
753 2621 892 2708 scripsit,
915 2630 990 2707 post
1009 2620 1146 2708 κρυερὰν
1170 2633 1203 2688 et
1223 2615 1337 2706 ἤλυθον

314 2725 473 2792 incidens:
500 2726 534 2790 id
560 2726 615 2810 qui
640 2722 831 2811 improbavit
857 2724 1078 2802 Hermannus,
1104 2720 1166 2790 τὰν
1189 2712 1336 2812 τρομερὰν

314 2825 452 2916 κρυερόν
475 2850 548 2894 cum
571 2823 695 2894 ἀλαλὰν
723 2827 885 2893 coniunxit
910 2837 942 2892 et
968 2822 1131 2916 πολύπορ
1153 2822 1204 2895 ἅτ’
1223 2821 1336 2913 ἤλυθον

316 2930 465 3009 coniecit,
482 2931 607 3017 fripida
630 2933 784 2997 cantilena
805 2932 978 2997 concelebra
995 2932 1110 2996 nivales
1133 2953 1255 3020 compos
1272 2945 1336 3013 quos

315 3036 438 3109 accessi,
463 3033 574 3099 eadem
596 3044 768 3112 structura,
792 3034 882 3100 cuius
904 3046 1013 3100 nostro
1031 3033 1213 3121 exemplum
1230 3024 1336 3097 similli-

314 3160 402 3203 mum
426 3147 474 3203 est
496 3136 581 3222 apud
602 3133 788 3223 Euripidem
811 3135 900 3202 Med.
924 3135 998 3203 205.
1027 3133 1108 3220 όῖχεα
1133 3132 1257 3225 μογερὰ
1279 3131 1336 3216 βοᾷ

313 3238 372 3308 τὸν
394 3239 572 3329 προδόταν.
617 3239 789 3326 Ingeniosa
809 3238 888 3305 haec
910 3251 959 3305 est
980 3241 1209 3328 interpretatio,
1230 3240 1262 3304 in
1281 3252 1335 3317 qua

314 3345 376 3411 hoc
397 3354 504 3410 tamen
525 3341 636 3408 dubito
658 3365 735 3407 num
758 3340 818 3408 τὰν
839 3341 1002 3431 τρομερὰν
1020 3342 1156 3431 κρυερόν
1173 3355 1255 3411 recte
1272 3355 1335 3403 oum

313 3444 440 3516 ἀλαλὰν
458 3446 663 3512 Hermannus
686 3446 898 3525 coniunxerit,
921 3468 1024 3532 neque
1042 3446 1129 3512 favet
1145 3447 1219 3513 huic
1235 3433 1335 3511 rationi

314 3551 401 3636 quod
435 3550 541 3617 statim
576 3548 795 3615 Pisthetaerus
830 3549 906 3614 dicit
940 3552 1111 3636 πέφευγας
1138 3546 1273 3634 ταυταγὶ
1299 3533 1335 3605 τὰ

301 3652 444 3741 ,κρυερυλ
491 3651 652 3735 Sequutus
670 3652 768 3740 igitur
785 3675 856 3717 sum
873 3651 1054 3717 Bentleium
1072 3648 1195 3718 ἀλαλαί
1211 3646 1335 3719 scriben-

316 3766 390 3835 tem,
409 3755 470 3821 nisi
488 3754 574 3839 quod
591 3755 706 3820 rectius
726 3754 860 3821 fortasse
877 3754 1037 3841 Bergkius
1055 3755 1156 3822 voluit
1174 3745 1332 3821 όλαλαλολ

314 3857 361 3923 At
384 3857 533 3922 mendum
555 3868 718 3943 praeterea
739 3856 815 3922 latet
840 3858 873 3921 in
894 3857 1075 3944 ’πολύπορά
1101 3853 1141 3925 τ’.
1187 3857 1241 3924 Sic
1260 3847 1333 3917 onim

314 3958 411 4027 habet
431 3960 474 4025 V.
498 3972 529 4024 et
555 3960 739 4040 scholiasta,
765 3958 945 4048 πολόπυρό
971 3957 998 4027 τ’
1023 3962 1098 4029 Vat.
1122 3970 1153 4026 et
1176 3969 1217 4039 Δ,
1242 3945 1333 4024 πολύ·

314 4099 530 4109 ——-—--

383 4163 414 4235 *l
431 4161 496 4218 Non
506 4139 658 4233 acquievit,
679 4170 712 4219 ut
719 4182 795 4221 nunc
802 4165 893 4235 rideo,
911 4164 1028 4221 inedita
1036 4166 1175 4237 scriptura
1182 4158 1331 4220 Theodonw

313 4250 398 4306 Kock
406 4249 504 4304 Exerc-
514 4246 574 4302 crit·
583 4261 612 4319 p·
622 4249 663 4303 13.
673 4250 719 4305 cui
728 4256 800 4306 τεῶν
808 4268 859 4322 pro
868 4253 927 4305 τεῒν
936 4251 1113 4306 scribendum
1121 4252 1270 4307 videbatur.
