2859 4909
430 437 802 495 nccnnsrnzusnu.
1069 424 1147 492 197-

111 578 253 664 praesenti
278 601 357 643 usus
385 590 448 656 cst,
475 579 583 644 nescio
609 602 650 644 an
675 602 732 665 pro
759 579 994 667 λωποδυτῆσαι
1015 582 1132 647 rectius

114 680 253 747 scribatur
270 680 476 747 λωποδυτεῖν
495 688 544 747 σεξ

549 815 599 871 Vs.
618 816 679 870 571.

155 926 205 986 νῦν
224 918 262 1006 δὴ
282 920 335 987 δεῖ
352 944 388 987 οε
406 917 528 1007 πυκνὴν
546 926 650 1009 φρένα
667 924 722 987 καὶ
741 921 929 1010 φιλόσοφον
948 921 1080 1010 ἐγείρειν

156 1024 323 1111 φροντίδα.

166 1143 351 1209 Diudorfius
370 1142 588 1208 hexametrum
607 1144 797 1230 dactylicum
814 1147 930 1230 requiri
949 1146 1131 1211 existimans

112 1245 285 1332 φιλόδημον
303 1246 505 1313 scribendum
523 1247 668 1325 coniecit,
691 1248 796 1333 possis
819 1249 913 1313 etiarn
936 1249 998 1314 alia
1015 1259 1133 1314 tentare

112 1371 134 1412 e.
148 1372 172 1414 c.
192 1350 380 1437 φιλόκαινον
386 1380 397 1432 ,·
415 1350 456 1415 ad
474 1349 660 1415 sententiam
678 1360 785 1415 tamen
804 1350 990 1440 φιλόσοφον
1009 1353 1132 1436 utrique

111 1451 195 1539 longe
219 1463 369 1539 praestat.
425 1452 532 1535 Quare
558 1475 670 1518 vereor
695 1476 735 1519 ne
761 1454 840 1522 nihil
866 1455 1052 1520 mutandum
1079 1456 1132 1532 sit3

112 1564 279 1622 tetrametro
302 1557 456 1643 dactylico
479 1567 574 1642 poeta
595 1557 728 1622 attexuit
750 1556 910 1642 dipodiam
933 1556 1132 1623 trochaicam.

112 1654 278 1725 simillimis
296 1661 436 1726 numeris
454 1683 531 1726 usus
551 1670 599 1725 est
615 1659 698 1726 Rau.
718 1661 791 1726 884.

551 1794 601 1850 Vs.
620 1795 681 1849 573.

316 1904 407 1987 κοινῇ
424 1896 486 1986 γδιρ
506 1895 557 1966 ἐπ’
575 1896 774 1983 εὐτυχίαισιν

317 2000 444 2088 ἐρχεται
461 2001 592 2090 γνώμης
610 2001 742 2071 ἐπίνοια
760 2005 898 2088 πολίτην

317 2105 421 2191 δῆμον
440 2104 667 2192 ἐπαγλαϊοῦσα

152 2215 319 2296 μυρίαισιν
337 2205 516 2297 ὠφελίαισι
532 2214 622 2293 βίον,
647 2210 765 2297 δηλοῦν
784 2203 918 2294 ὅτιπερ
937 2209 1082 2278 δύναται.

167 2331 237 2396 Non
260 2328 341 2396 bene
363 2329 453 2416 iungi
475 2335 566 2418 κοινῇ
587 2327 649 2417 γὰρ
674 2326 725 2396 ἐπ’
746 2324 944 2411 εὐτυχίαισιν
966 2331 1021 2414 qui
1046 2331 1137 2396 intel-

111 2433 180 2498 lexit
201 2432 369 2510 Reiskius‚
396 2454 454 2518 pro
477 2439 567 2521 κοινῇ
591 2434 717 2521 scripsit
738 2444 872 2511 κοιναῖς.
919 2432 981 2498 Cui
1002 2436 1137 2520 praetuli

112 2558 165 2622 ego
181 2540 272 2622 κοινῇ
290 2531 353 2622 γὰρ
373 2529 424 2601 ἐπ’
445 2530 578 2625 εὐτυχίη
599 2542 664 2604 νῦν.
692 2536 757 2601 'At
774 2536 892 2601 frustra
909 2536 1021 2621 opinor
1038 2538 1137 2603 critici

110 2649 222 2707 tentant
248 2641 388 2724 πολίτην
417 2637 532 2725 δῆμον,
566 2641 617 2706 cui
643 2639 804 2726 Reisigius
832 2637 931 2705 πόλιν
957 2639 1137 2729 πάνδημον,

110 2743 262 2831 Bergkius
294 2743 442 2809 πολιτιῦν
474 2742 575 2826 δῆμον
607 2742 755 2809 substitui
783 2742 959 2809 voluerunt.
1013 2743 1138 2810 Horum

112 2846 236 2912 alterum
268 2845 425 2931 expressit
455 2846 550 2910 etiam
581 2845 718 2911 Vossius
749 2844 815 2910 der
848 2843 1003 2912 Stedter
1029 2847 1137 2914 Volk.

111 2948 276 3015 Librorum
295 2949 483 3034 scripturam
500 2948 608 3014 nescio
626 2972 669 3013 an
685 2949 754 3035 ipse
768 2957 893 3014 tueatur
907 2947 1138 3038 Aristophanes

111 3050 188 3135 Equ.
214 3053 268 3118 42.
303 3056 458 3137 πυκνίτην
486 3051 587 3138 δῆμον
613 3051 748 3137 fingens.
794 3052 834 3116 In
859 3062 1019 3137 postremo
1046 3077 1140 3119 versu

112 3178 169 3220 non
181 3155 330 3220 ferendus
345 3163 413 3219 erat
426 3154 599 3219 infinitivus
615 3153 743 3241 δηλοῦν.
781 3153 889 3237 Quare
909 3156 1022 3240 scripsi
1040 3156 1139 3241 δηλοῦ

113 3254 139 3322 δ’
155 3253 205 3325 ὅτι
223 3282 287 3344 περ
307 3255 457 3337 δύναται,
483 3278 528 3323 sc.
550 3256 680 3343 γνώμης
703 3254 849 3336 ἐπίνοια,
873 3258 959 3341 quod
979 3270 1139 3343 praestare

112 3361 197 3426 credo
228 3359 388 3425 Dindorfii
420 3360 632 3437 coniecturae,
661 3356 791 3447 δηλοῦδ
821 3354 874 3427 ὅτι
905 3385 968 3448 περ
1002 3361 1137 3428 δύναται

113 3464 280 3531 scribentis.
327 3461 510 3546 Sequuntur
527 3464 676 3528 continuo
693 3462 786 3528 haec:

145 3564 259 3654 καιρὸς
277 3565 327 3631 δέ·
353 3566 460 3632 δεῖται
477 3565 539 3653 γάρ
557 3591 591 3632 τι
609 3570 719 3651 σοφοῦ
737 3563 826 3645 τινὸς
845 3565 1062 3653 ἐξευρήματος
1080 3564 1098 3653 ἡ

707 3668 808 3748 πόλις
826 3665 927 3756 ἡμῶν.

112 3770 197 3838 Haec
229 3796 295 3837 non
326 3772 446 3837 sincere
474 3773 590 3857 scripta
618 3794 689 3837 esse
715 3772 854 3837 ostendit
880 3771 931 3848 vel
957 3773 1069 3837 vocula
1095 3778 1138 3853 τί,

112 3895 202 3958 quac,
236 3898 309 3940 cum
340 3875 447 3940 statim
479 3885 650 3959 sequantur
675 3875 773 3941 verba
798 3872 887 3953 τινὸς
913 3874 1139 3964 ἐξευρήματος,

111 3998 217 4061 parum
244 3978 404 4065 eleganter
430 3989 462 4043 ct
488 3988 597 4043 contra
623 4001 716 4043 usum
742 3977 794 4043 hic
820 3977 963 4044 infertur.
1006 3978 1141 4046 Accedit

113 4082 193 4163 quod
215 4080 294 4146 illud
315 4106 349 4147 τι
373 4080 459 4146 solus
478 4078 583 4146 Aldus
606 4080 715 4159 habet,
734 4104 792 4167 pro
816 4104 853 4148 eo
876 4106 929 4148 τοι
951 4092 1000 4149 est
1020 4083 1053 4147 in
1071 4083 1141 4148 aliis

113 4180 209 4265 libris,
233 4184 267 4248 in
288 4183 370 4249 Rau.
395 4194 500 4249 autem
522 4190 576 4251 τοί
597 4208 633 4270 γε
657 4185 812 4250 scribitur.
859 4185 933 4251 Hoc
955 4185 1057 4250 deleto
1079 4182 1140 4273 γὰρ

113 4286 323 4384 recipiendurn
342 4287 474 4353 videtur.
505 4292 560 4354 τοί
572 4312 608 4374 γε
621 4300 706 4355 recte
719 4289 900 4375 iunguntur,
921 4297 956 4352 ut
968 4287 1051 4372 Equ.
1066 4287 1140 4355 276.
