2859 4909
554 355 653 410 PAX.
1081 345 1137 410 41

87 496 206 563 itidem
220 520 254 582 γε
271 495 396 561 excidit.
441 496 605 580 Frequens
628 495 708 562 haec
733 497 830 565 dictio
848 509 897 565 est
914 498 1000 585 apud
1016 497 1126 564 Plato·

87 623 183 678 nem,
208 600 294 666 cuius
316 599 462 685 exempla
482 598 610 687 collegit
627 599 761 666 Hensde
780 598 876 687 Sper.
893 600 977 668 Plat.
996 624 1029 689 p.
1049 602 1123 669 102.

87 701 191 767 Adde
208 702 447 789 Theopompum
465 703 550 789 apud
567 703 758 790 Harpocrat.
775 726 808 792 p.
830 706 902 784 107,
921 704 974 771 29.

188 803 253 871 ἀλλ’
270 800 290 893 ἡ
308 805 366 890 μὲν
382 803 564 872 Εἰλείθυια
583 806 755 895 συγγιόμην
773 805 840 890 ἔχει

186 904 251 975 ὑπὸ
269 914 336 976 τῶν
352 914 513 995 γυναικῶν
532 899 618 978 οὖσα
634 908 809 999 καταπλῂξ
823 909 880 999 τὴν
897 916 1019 999 τέχνην.

84 1011 170 1077 Dixi
187 1012 225 1078 de
246 1012 308 1078 hoc
325 1012 525 1099 Theopompi
545 1012 724 1100 fragmento
742 1013 836 1082 Com.
857 1013 915 1083 Gr.
934 1015 978 1082 Π.
997 1038 1028 1102 p.
1048 1015 1123 1082 815.

87 1114 149 1181 sed
166 1125 200 1180 ut
216 1115 256 1182 de
273 1117 442 1203 postremis
461 1116 565 1183 verbis
583 1115 661 1182 nihil
679 1117 875 1186 extricatam.
913 1117 1124 1187 Scribendum

85 1240 178 1284 veros

175 1319 243 1389 ὑπὸ
260 1328 327 1390 coir
345 1329 506 1410 γυναικῶν
525 1312 611 1389 σόσα
628 1321 802 1412 καταπλὴξ
817 1323 874 1412 τήν
891 1322 919 1413 y’
935 1324 1025 1413 ἐμήν.

540 1476 590 1560 Vs.
608 1471 681 1530 234.Ι

431 1579 566 1667 καὶγὰρ
586 1575 700 1668 ὥσπερ
719 1576 874 1670 ᾐσθόμην

260 1678 381 1762 καύτὸς
398 1687 503 1763 dolor
520 1688 659 1773 φθέγμα
677 1686 947 1774 πολεμιστηρίας.

148 1802 284 1869 Praeter
313 1804 536 1870 necessitatem
566 1804 702 1871 fortasse
733 1806 819 1871 edidi
849 1808 905 1873 καὶ
934 1804 997 1893 γὰρ
1026 1801 1126 1885 αὐτὸς

84 1904 245 1997 ᾐσθόμην
268 1901 383 1995 ὥσπερ
405 1909 523 1988 θυΐας,
548 1929 741 1993 quamquam
758 1908 793 1974 id
809 1909 912 1996 magis
931 1910 1045 1975 atticae
1063 1909 1127 1975 ele·

83 2011 216 2098 gantiae
241 2020 303 2088 est,
328 2031 424 2095 quam
442 2010 529 2096 quod
546 2011 644 2098 vulgo
660 2012 786 2099 legitur.
832 2011 1025 2078 Constanter
1042 2012 1126 2078 enim

82 2112 189 2179 Attici
210 2113 360 2179 dicebant
380 2114 437 2179 καὶ
457 2111 520 2202 γὰρ
544 2109 659 2194 αότός,
688 2137 753 2180 non
775 2125 882 2181 autem
904 2117 961 2181 καὶ
986 2111 1127 2203 γὰρκαὶ

1 2266 2 2275 .
83 2212 202 2296 αὐτός,
232 2216 272 2281 dc
296 2238 359 2301 quo
383 2216 534 2282 admonui
556 2217 597 2283 ad
618 2216 789 2283 Menandri
810 2217 974 2303 Reliquias
997 2240 1028 2304 p.
1051 2216 1126 2282 343.

81 2320 124 2386 cf.
148 2319 366 2386 Fritzschium
393 2320 434 2386 ad
456 2318 682 2407 Aristophanis
709 2320 840 2387 hbesm.
864 2321 936 2386 173.
982 2317 1125 2384 Cobetus

1 2458 3 2483 κ
80 2425 164 2491 satis
184 2423 294 2489 habuit
308 2423 445 2490 scribere
459 2425 515 2490 καὶ
531 2422 594 2511 γὰρ
613 2418 659 2502 ὡς
678 2423 718 2491 σύ
737 2448 801 2512 περ
820 2418 977 2511 γ’σθόμην
994 2417 1124 2501 καύτός,

1 2550 2 2553 ’
80 2551 149 2614 quo
169 2537 264 2614 pacto
281 2522 402 2606 καύτός
418 2537 505 2593 recte
523 2527 643 2593 dictum
661 2537 719 2592 est

544 2678 594 2735 Vs.
612 2678 672 2734 251.

263 2780 333 2850 olor
351 2784 457 2863 πόλις
469 2783 609 2851 τάλαινα
628 2782 936 2870 διακναισθήσεται.
1058 2837 1061 2848 .

151 2903 211 2972 Sic
246 2904 368 2971 correxi
402 2905 547 2970 codicum
578 2903 766 2990 scripturam
800 2902 870 2984 οἵα,
907 2902 960 2969 cui
992 2900 1127 2970 obvertit

77 3008 271 3086 Richtcrus‚
310 3007 355 3074 sio
384 3008 502 3093 requiri
532 3007 712 3086 articulum3
747 3006 896 3072 nimirum
926 3004 1025 3072 verba
1056 3001 1127 3071 olor

3 3163 4 3180 .
78 3113 189 3190 πόλις
213 3110 355 3177 τόλαιια
377 3132 418 3175 ex
438 3109 593 3196 Euripide
615 3110 718 3176 aliove
739 3109 860 3198 tragico
878 3107 1127 3195 Aristophanem

78 3216 252 3283 derivasse
271 3213 465 3282 sumebatur.

544 3364 594 3421 Vs.
612 3365 672 3420 266.

262 3471 371 3558 τσότῳ
390 3469 527 3560 ταράξει
544 3468 605 3549 τὰς
622 3470 741 3549 πόλεις
758 3468 955 3556 καθήμενος.

24 3592 30 3598 ’
153 3592 336 3681 Ταρόττειι
357 3592 458 3659 πόλιν
481 3591 522 3658 ab
543 3592 603 3657 hoc
624 3591 710 3670 loco,
738 3591 794 3657 ubi
816 3589 941 3656 nonde
964 3585 1128 3653 turbandis

78 3697 223 3766 urbibus
246 3696 364 3783 agitur,
394 3695 513 3761 sedda
537 3695 729 3774 evertendis,
753 3716 883 3780 prorsus
907 3692 1044 3759 alienum
1069 3699 1128 3768 est,

78 3816 114 3869 ut
138 3809 233 3868 recte
256 3798 334 3864 mihi
356 3798 399 3863 ad
421 3799 607 3864 sententiam
630 3798 693 3864 loci
710 3797 884 3864 coniecisse
902 3795 1011 3862 videar
1028 3809 1129 3859 κατα-

77 3910 207 3994 τρίψει
245 3901 294 3967 oll.
325 3925 374 3968 vs.
407 3901 481 3967 231.
510 3901 585 3967 246.
628 3900 722 3967 Nunc
755 3900 885 3988 propius
921 3899 963 3966 ad
997 3898 1130 3965 traditae

80 4009 269 4093 scripturae
291 4005 428 4107 vestigia
451 4004 617 4093 σπαράξει
639 4013 771 4092 apoeta
789 4004 941 4091 scriptum
959 4000 1132 4071 cssearbi-

78 4124 163 4181 tror.
211 4108 438 4176 Rccts'autem
459 4108 575 4196 legitur
595 4108 797 4196 καθήμενος,
822 4107 908 4194 quod
928 4129 1032 4193 neque
1054 4128 1132 4188 σχο-

79 4219 186 4293 λαῖος
213 4212 266 4278 vel
292 4206 415 4300 ἥσυχος
442 4212 612 4300 significat,
639 4234 743 4297 neque
770 4211 803 4276 in
828 4211 897 4277 vitii
919 4209 1132 4298 suspicionem
