2859 4909
560 402 683 460 Avus.
1100 395 1142 461 97

16 531 22 626 l
102 542 253 627 quoniam
275 543 354 607 nihil
372 565 487 608 causae
506 543 561 620 sit,
585 566 641 609 cur
657 545 761 611 ionica
777 544 882 611 forma
900 557 1051 613 servetur.
1095 547 1145 615 At

103 668 174 710 oum
199 644 379 711 Homerum
400 647 471 731 ipse
491 655 585 732 poeta
607 656 794 727 antestetur,
823 648 922 714 multo
947 650 1144 736 probabilius

103 759 149 814 est
172 743 276 837 Ἥρην
307 770 405 833 quam
427 743 529 838 ‘lituus
559 749 601 816 ab
628 749 843 838 Aristophane
875 753 1027 840 scriptum
1058 776 1144 834 esse3

102 852 237 917 eandem
269 852 311 919 ob
343 874 473 918 causam
504 854 619 941 πελείῃ
650 855 757 940 posuit
783 865 889 941 poeta,
920 878 986 922 non
1015 858 1143 945 τελείᾳ.

101 955 276 1021 Praeterea
293 978 350 1041 pro
369 951 454 1022 εἶναι
471 965 556 1022 recte
575 957 686 1043 opinor
703 957 817 1043 scripsi
833 963 946 1045 βῆναι,
965 958 1144 1026 Homerum

103 1069 274 1143 sequutus,
293 1060 349 1143 qui
365 1057 575 1144 Aristophani
592 1059 821 1126 obversabatur
839 1060 875 1126 ul
894 1060 930 1127 δὲ
946 1061 1050 1148 βάτην
1067 1063 1146 1151 τρή-

103 1187 186 1249 ρωσι
200 1161 377 1229 πελειάσιν
394 1157 520 1245 ἴθμαθ’
538 1157 664 1246 ὁμοῖαι,
684 1174 715 1228 et
733 1163 766 1228 in
779 1164 899 1251 hymno
913 1164 947 1229 in
961 1163 1145 1250 Apollinem

103 1270 163 1349 βαν
182 1265 222 1332 δὲ
238 1267 342 1332 monia
358 1263 505 1353 τρήρωσι
522 1265 695 1333 πελειάσιν
712 1261 837 1350 ἴθμαθ’
859 1262 984 1350 ὁμοῖαι.

562 1469 611 1524 Vs.
629 1469 690 1524 586.

143 1606 183 1696 ἢν
203 1606 236 1675 δ’
252 1606 399 1696 ἧγῶνται
417 1608 455 1676 σὲ
472 1606 555 1675 θεὸν
573 1609 610 1676 σὲ
627 1614 701 1694 βίον
720 1608 758 1674 σὲ
777 1608 812 1675 δὲ
830 1621 848 1674 1
854 1613 896 1697 ἣν
915 1611 952 1676 σὲ
970 1610 1097 1700 Κρόνον

712 1712 749 1779 σὲ
766 1713 931 1794 Ποσειδῶ,

139 1811 244 1903 άγάθ’
263 1811 416 1882 αὐτοῖσιν
433 1814 544 1882 πάντα
561 1818 739 1904 παρέσται.

166 1972 265 2037 Haeo
292 1971 386 2035 foede
412 1970 584 2056 depravata
610 1992 681 2036 esse
707 1970 811 2055 quivis
835 1971 961 2050 sentiat,
990 1974 1147 2059 siquidem

107 2098 209 2160 neque
235 2079 310 2159 βίον
336 2074 413 2158 quid
439 2074 491 2138 hic
523 2073 584 2140 sibi
615 2073 690 2139 velit
720 2074 858 2160 perspici
888 2084 1008 2161 potest,
1044 2098 1147 2161 neque

107 2178 186 2245 θεόν
201 2178 256 2244 hio
270 2176 335 2241 ullo
348 2176 443 2242 modo
457 2176 633 2255 ferendum,
651 2198 724 2242 oum
739 2177 834 2242 etiam
849 2177 959 2242 Tellus
974 2188 1005 2242 et
1020 2177 1146 2245 Cronus

109 2293 137 2347 et
152 2282 324 2368 Neptunus
342 2281 377 2345 in
394 2280 455 2345 diis
473 2279 658 2346 habeantur.
698 2280 809 2363 Neque
827 2280 971 2345 medetur
987 2281 1037 2348 his
1055 2282 1147 2348 malis

111 2383 226 2452 Cobeti
243 2384 425 2450 coniectura
442 2378 482 2469 ἢν
501 2378 532 2448 δ’
549 2379 695 2470 ἡγῶνται
713 2382 831 2466 σεμνόν
850 2406 887 2450 σε
906 2381 997 2450 θεόν.
1042 2383 1147 2469 Aper-

110 2497 173 2553 tum
193 2498 245 2554 est
263 2487 341 2553 certi
358 2486 409 2552 dei
423 2486 540 2571 requiri
554 2509 680 2553 nomen.
723 2486 831 2569 Quare
845 2486 917 2551 vide
931 2509 971 2551 an
985 2488 1148 2573 scripserit

111 2602 218 2678 poeta:

184 2724 226 2817 ἢν
244 2723 277 2794 δ’
292 2724 437 2816 ἡγῶνται
455 2729 497 2796 σὲ
514 2727 625 2804 θεόν,
651 2730 807 2810 Φοῖβον,
833 2726 870 2794 σὲ
889 2726 925 2794 δὲ
941 2732 1008 2816 Γῆν
1026 2767 1068 2777 -

113 2871 183 2933 tesi
207 2870 296 2932 deum
319 2889 380 2932 ιεει
402 2870 528 2942 ducant,
556 2866 713 2930 Phoebum
734 2876 826 2950 putu,
853 2867 901 2930 vel
924 2855 1075 2968 Tellurem
1101 2869 1150 2932 vel

113 2970 288 3036 Saturnum.
335 2974 457 3053 Φοῖβος
478 2969 511 3033 in
537 2973 612 3054 βίος
638 2968 716 3034 abiit
742 2968 836 3032 etiam
863 2969 949 3055 apud
972 2967 1147 3036 Stobaeum

113 3072 177 3140 Eol.
197 3072 291 3160 phys.
312 3073 337 3150 l,
357 3072 386 3151 5,
408 3073 437 3137 7.

563 3257 613 3313 Vs.
631 3258 693 3312 590.

179 3396 248 3467 ἀλλ’
266 3395 416 3478 ἀναλέξει
433 3396 562 3477 πάντας
579 3402 740 3486 καθαρῶς
758 3392 877 3476 αὐτοὺς
896 3393 993 3483 άνέλη
1012 3402 1074 3480 μία

715 3503 844 3583 κιχλῶν.

174 3642 215 3705 In
240 3641 291 3705 his
318 3639 404 3725 quod
429 3640 547 3721 κιχλῶν
572 3640 674 3725 prima
701 3637 824 3724 syllaba
849 3638 1003 3724 producta
1029 3636 1149 3704 dietum

117 3754 174 3821 est,
201 3745 314 3809 iterum
341 3743 383 3808 ad
409 3753 650 3828 anapaestorum
673 3742 831 3807 licentiam
854 3742 966 3807 refero.
1011 3745 1149 3828 κίγκλισν

103 3833 298 3913 ¹aDobraeo
316 3847 570 3912 commendatum
587 3869 650 3930 quo
669 3846 773 3910 minus
795 3844 922 3931 probari
944 3845 1060 3930 possit,
1088 3846 1150 3911 hoc

117 3949 335 4037 impedimento
354 3960 415 4027 est,
437 3951 524 4033 quod
541 3951 633 4015 cincli
650 3948 808 4036 gregatim
826 3971 888 4013 non
907 3948 1052 4027 volitant,
1071 3935 1150 4014 voli-

117 4062 180 4119 tant
201 4078 274 4120 vero
297 4052 390 4118 turdi.
435 4051 580 4118 Eandem
603 4052 644 4118 ob
668 4076 797 4118 oausam
821 4051 974 4117 Brunckii
1002 4053 1149 4118 emenda-

118 4157 230 4223 tionem
246 4160 363 4223 κιττῶν
381 4155 487 4221 reicio.

166 4379 272 4430 Mainake,
286 4380 395 4423 thutctne
405 4380 518 4434 aristoph.
914 4363 931 4425 7
