2859 4909
545 393 736 452 PLUTUS.
906 451 910 456 ,
1094 383 1158 448 221

119 660 161 701 an
180 646 283 715 recte3
305 636 506 723 participium
523 637 601 702 mihi
619 638 835 704 necessarium
853 640 987 705 videtur.

566 790 616 845 Va.
636 791 712 845 1042.

144 901 219 960 NE.
248 888 453 978 ἀσπάζομαι.
494 904 561 963 ΧΡ.
588 900 623 962 τά
640 919 759 985 capon,-
797 904 869 964 NE.
897 891 1019 984 ἀρχαία
1036 898 1128 985 φίλη.

188 1014 288 1080 Recte
303 1013 384 1081 Rav.
400 1019 439 1081 σέ
451 1039 563 1104 φησιν,
583 1017 677 1083 modo
690 1017 770 1082 haec
783 1014 957 1105 Chremylc
970 1017 1158 1094 tribuantur,

120 1126 157 1183 ut
175 1117 253 1183 fecit
275 1118 419 1203 quamvis
438 1118 619 1186 dubitanter
635 1119 817 1186 Dobraeus.
860 1118 1031 1186 Praeterea
1048 1116 1161 1188 άσπά-

122 1220 224 1305 ζομαι
254 1222 436 1288 aecueativc
466 1244 573 1290 carere
599 1224 652 1290 vix
677 1232 792 1310 potest.
845 1221 957 1308 Itaque
983 1224 1091 1289 nescio
1118 1247 1160 1289 an

124 1319 263 1412 άρχαίαν
282 1326 380 1413 φίλην
398 1326 609 1398 scribendum,
625 1326 680 1406 cit3
703 1325 915 1393 adulescentis
939 1326 1158 1394 salutationem

123 1428 325 1515 interrumpit
344 1427 547 1517 Chremylus.

570 1581 621 1638 Vc.
639 1582 716 1636 1044.

153 1695 216 1752 ΓΡ.
243 1681 447 1772 τάλαιν’·ἒγώ
465 1692 524 1773 τῆς
542 1681 658 1776 ὕβρεος
675 1675 714 1774 ἧς
731 1682 918 1774 ὑβρίζομαι.

153 1797 221 1855 ΧΡ.
249 1786 335 1856 ἔοικε
354 1787 411 1856 διὰ
429 1791 555 1857 πολλοῦ
571 1790 690 1877 χρόνον
710 1786 739 1859 σ’
755 1789 934 1880 ἑορακέναι.

154 1902 218 1958 ΓΡ.
245 1897 347 1959 ποίου
363 1893 496 1978 χρόνον,
515 1890 708 1975 ταλάνταθ’,
730 1893 767 1973 ὃς
784 1891 864 1979 παρ’
880 1892 955 1979 ἐμοὶ
969 1894 1053 1977 χθὲς
1069 1883 1125 1980 eim·

5 2002 6 2027 ³
94 2089 98 2096 .
188 2013 229 2077 In
246 2013 348 2099 primo
365 2013 478 2079 horum
491 2037 642 2081 versuum
655 2014 742 2081 nulla
756 2015 941 2081 offensionis
954 2037 1051 2081 causa
1064 2024 1161 2093 esset,

124 2116 187 2203 nisi
205 2115 314 2202 optimi
332 2117 458 2184 codices
476 2118 680 2184 vehementer
697 2117 738 2184 ab
760 2117 844 2183 edita
867 2118 1022 2204 scriptura
1043 2118 1161 2183 discre-

5 2201 6 2281 λ
124 2230 247 2305 parent.
291 2219 374 2288 Rav.
392 2220 489 2287 habet
507 2220 607 2308 ’ἔγωγε
629 2225 687 2307 τῆς
708 2214 848 2309 άβρειος,
872 2229 904 2286 et
921 2215 1047 2311 ὕβρεως
1064 2221 1159 2287 etiam

4 2328 6 2351 λ
124 2322 209 2390 Veu.
225 2321 351 2408 aliique,
371 2334 438 2389 tum
451 2323 534 2391 Ven.
549 2348 606 2411 pro
620 2319 797 2412 ὑβρίζομαι
809 2323 940 2411 praebet
953 2322 1160 2409 αἰσχύνομαι.

125 2424 248 2513 Scripsi
265 2427 375 2513 igitur:

4 2514 5 2550 i
288 2525 412 2597 τάλαιν’
429 2528 530 2618 ἔγωγε
546 2535 605 2617 τῆς
622 2524 763 2618 ὕβρεως·
783 2528 989 2615 αἰσχύνομαι.

84 2647 88 2653 ’
125 2632 303 2719 inquibus
327 2632 525 2718 αἰσχύνομαι
547 2644 596 2700 ert
613 2638 711 2721 pudet
732 2657 779 2700 me
802 2637 856 2699 tui.
901 2633 942 2698 In
958 2635 1049 2700 tertio
1066 2656 1161 2700 versu

125 2741 226 2803 ποίου
242 2735 361 2826 χρόνον
381 2747 562 2835 corruptum
579 2737 713 2803 videtur.
759 2735 945 2824 Chremy10‚
968 2737 1023 2822 qui
1040 2736 1163 2804 dixerat

126 2840 360 2907 adolescentem
379 2864 398 2906 a
415 2840 516 2906 multo
538 2840 614 2905 inde
636 2851 777 2927 tempore
794 2840 933 2907 vetulam
951 2863 1015 2907 non
1032 2841 1161 2921 vidisse,

125 2945 309 3031 responderi
327 2944 382 3008 vix
399 2944 502 3030 potuit
519 2948 621 3010 ποίου
637 2942 773 3032 χρόνον,
797 2944 883 3028 quod
905 2954 990 3011 esset
1008 2948 1163 3031 quodcum

127 3060 159 3112 tu
186 3060 304 3134 tempus
331 3043 427 3111 dicia?
463 3046 520 3111 sed
552 3058 607 3112 aut
637 3046 762 3126 πόσον,
795 3058 831 3112 ut
857 3046 998 3115 Acharn.
1027 3049 1079 3114 83.
1108 3058 1179 3118 aut.

125 3152 253 3218 πολλοῦ
268 3148 399 3237 χρόνον.

493 3317 498 3324 ’
571 3301 621 3359 Vs.
641 3302 718 3357 1053.

279 3404 335 3476 ἐὰν
352 3406 414 3497 γὰρ
433 3403 531 3495 αὐτὴν
547 3405 598 3486 ,εἷς
614 3406 715 3491 μόνος
733 3403 882 3498 σπινθὴρ
901 3406 997 3495 λάβῃ.
1086 3398 1089 3404 ’
1107 3464 1111 3472 .

191 3530 292 3596 Recte
314 3527 449 3594 fortasse
467 3527 582 3594 dicitur
602 3533 669 3614 πῦρ
687 3524 762 3595 τινὰ
784 3526 974 3613 λαμβάνειν,
1001 3551 1065 3593 non
1085 3529 1162 3594 item

127 3631 290 3720 οπινθήρ,
311 3632 366 3716 qui
382 3631 468 3696 idem
485 3641 611 3697 nostrae
628 3630 758 3717 linguae
775 3653 853 3696 usus
872 3640 934 3709 est,
957 3631 1024 3697 das
1041 3631 1165 3697 Feuer

104 3736 228 3814 'facet
249 3734 362 3813 mich,
391 3734 447 3800 sed
470 3734 510 3800 de
533 3734 668 3800 scintilla
690 3734 756 3799 der
776 3734 908 3800 Funke
930 3733 1033 3800 trifft
1053 3734 1162 3801 mich.

127 3839 236 3924 Quare
255 3838 457 3906 scribendum
475 3837 612 3903 videtur:

281 3938 337 4008 ἐὰν
354 3937 416 4031 γὰρ
436 3936 536 4028 αὐτὴν
555 3937 603 4019 εἷς
618 3938 720 4024 μόνος
738 3936 895 4028 σπινθὴρ
905 3938 1002 4028 βάλῃ.
1096 3964 1097 3968 ’

4 4046 5 4125 ἶ
130 4045 197 4112 Ofr.
215 4044 318 4131 Veep.
333 4045 407 4122 227.
431 4043 566 4131 πηδῶσι
586 4045 643 4109 καὶ
663 4043 842 4129 βάλλουσιν
865 4038 979 4133 ὥσπερ
1001 4044 1162 4131 φέψαλοι.

128 4149 239 4235 Neque
257 4147 345 4214 favet
362 4147 465 4213 editae
479 4146 652 4234 scripturae
665 4146 808 4213 Acharn.
824 4147 898 4214 923.
918 4146 1012 4236 εἴπερ
1026 4145 1163 4232 λάβοιτο

4 4256 6 4311 ¹:
129 4258 194 4320 cciv
212 4256 294 4321 νεῶν
311 4248 350 4317 τὸ
369 4255 436 4338 πῦρ
457 4243 559 4331 ἅπαξ.
