2859 4909
473 374 848 434 ECCLESIAZUSAE.
1117 366 1181 431 199

595 514 645 571 Vs.
664 514 724 569 609.

167 620 333 707 προτερόν
350 615 378 708 μ’
394 610 519 707 ὦταῖρ’,
539 614 595 686 ὅτε
611 630 701 686 τοῖσι
718 618 832 703 νόμοις
851 618 1063 703 διεχρώμεθα
1080 634 1152 700 τοῖς

747 726 970 810 προτέροισιν.
1179 797 1185 804 ,

209 827 290 893 Rau.
319 816 448 911 ai’ss'p,
479 814 506 891 ὦ
533 822 593 891 τὰν
615 824 690 891 Par.
713 824 758 904 Β,
786 825 871 910 quod
897 848 970 890 eum
992 826 1115 893 doctius
1138 830 1180 894 sit

142 952 241 1015 quam
258 931 344 1013 quod
362 953 382 1020 a
398 927 525 994 librario
544 928 759 1015 excogitatum
778 950 848 994 esse
866 928 1024 1008 videatur,
1045 930 1181 997 fortasse
1287 967 1289 970 ·

141 1032 360 1119 reponendum
377 1041 436 1098 est.
470 1030 597 1098 Curtius
615 1042 664 1097 est
678 1030 890 1116 διεχρώμεθα
903 1043 1084 1118 corruptum
1099 1056 1179 1112 esse,

142 1158 206 1221 quo
214 1134 314 1201 verbo
323 1136 409 1200 attici
419 1135 587 1220 scriptores
597 1157 654 1221 pro
664 1133 800 1220 simplici
811 1139 959 1221 χρῆσθαι
968 1157 1032 1200 non
1040 1146 1180 1216 utuntur,

143 1240 199 1324 qui
213 1248 362 1305 constans
376 1247 408 1303 et
420 1248 592 1324 perpetuus
604 1237 720 1302 Ionum
734 1260 812 1302 usus
827 1245 884 1303 est.
910 1236 1017 1320 Quare
1027 1240 1179 1306 conicias:

223 1336 278 1407 ὅτε
295 1352 385 1407 τοῖσι
403 1340 518 1423 νόμοις
536 1336 579 1407 ἔτ’
597 1338 775 1427 ἐχρώμεθα
792 1352 864 1419 τοῖς
881 1345 1099 1427 πτοτέροισιν.

142 1444 290 1510 Eandem
308 1443 350 1510 ob
369 1466 497 1509 causam
514 1442 724 1530 improbanda
739 1454 788 1510 est
801 1443 959 1508 Athenaei
977 1445 1131 1530 scriptura
1147 1446 1181 1509 in

143 1547 369 1633 Aristophanis
396 1548 496 1632 Vesp.
524 1547 597 1612 124.
625 1548 740 1633 πολλῷ
766 1541 793 1632 χ’
820 1543 838 1612 δ
862 1545 966 1625 Βάκις
993 1545 1106 1635 έχρῆτο
1133 1554 1180 1635 τῷ

145 1655 310 1737 ποτηρίῳ,
335 1649 390 1715 ubi
414 1650 562 1736 διεχρῆτο
585 1649 681 1714 habet
702 1650 889 1715 Athenaeus
913 1649 977 1714 XI.
996 1673 1028 1738 p.
1046 1651 1121 1717 460.
1141 1673 1180 1729 c.‚

145 1754 231 1838 quod
248 1776 313 1818 non
330 1753 489 1839 displicuit
506 1753 683 1817 Dindortio.

597 1904 647 1960 Vs.
666 1906 727 1958 611.

166 2007 206 2095 ἢν
223 2006 350 2096 μείρακ’
368 2008 447 2076 ἰδών
467 2008 662 2098 ἐπιθυμήσῃ
681 2011 736 2075 καὶ
753 2010 915 2096 βούληται
934 2012 1158 2098 σκαλαθῦραι,

167 2112 235 2193 ἕξει
251 2113 377 2180 τούτων
397 2110 529 2199 ἀφελών
549 2113 677 2191 δοῦναι,
696 2118 762 2179 τών
782 2111 816 2179 έκ
833 2118 944 2179 κοινοῦ
964 2113 1000 2179 δέ
1017 2115 1154 2197 μεθέξει

167 2217 467 2303 ξυμκαταδαρθών,·
511 2225 636 2283 ΠΡΑΞ.
661 2212 730 2280 ἀλλ’
746 2213 876 2296 ἐξέσται
893 2211 1001 2302 προῖκ’
1019 2212 1107 2304 αὐτῷ

750 2318 1042 2404 ξυγκαταδαρθεῖν.

211 2423 369 2489 Desidero
395 2423 428 2487 in
454 2422 503 2487 his
530 2422 648 2487 iustum
673 2444 745 2487 cum
767 2421 1027 2508 praecedentibus
1049 2446 1165 2489 nexum
1172 2451 1180 2504 3

145 2527 262 2593 excidit
288 2526 422 2591 fortasse
449 2525 580 2611 Blepyri
603 2547 714 2592 versus
741 2525 801 2591 hac
828 2526 994 2591 sententia:
1026 2539 1102 2603 esto,
1130 2532 1185 2593 sed

146 2644 179 2695 ta
205 2634 248 2695 od
270 2631 342 2694 bueo
363 2630 440 2693 mibi
461 2633 618 2714 responde.
663 2628 710 2693 At
733 2628 805 2693 vide
828 2652 868 2694 ne
890 2629 983 2715 plura
1009 2629 1183 2695 exciderint

146 2742 241 2817 atque
259 2734 293 2797 in
310 2732 362 2797 his
380 2732 474 2796 etiam
493 2731 670 2798 subiectum
688 2731 777 2798 verbi
795 2729 989 2819 ἐπιθυμήσῃ
995 2780 1004 2810 ,
1024 2743 1059 2797 ut
1077 2755 1182 2799 carere

145 2836 239 2902 liceat
251 2834 366 2901 Cobeti
378 2834 558 2900 coniectura
572 2832 789 2922 έπιθυμῇτις
803 2834 978 2901 scribentis.
1014 2835 1183 2902 Praeterea

145 2949 306 3025 postrema
319 2937 417 3003 verba
430 2937 549 3021 aliquid
562 2937 630 3002 vitii
641 2939 774 3004 traxisse
785 2938 937 3024 suspicor.
961 2938 1184 3025 Importunum

147 3052 194 3107 est
202 3041 282 3105 illud
291 3041 428 3122 μεθέξει
437 3062 538 3124 neque
548 3041 589 3105 ad
600 3042 787 3107 sententiam
800 3050 919 3126 aptum,
939 3051 974 3106 ut
987 3041 1080 3106 facile
1093 3041 1185 3106 intel-

146 3144 223 3231 liget
233 3143 288 3227 qui
299 3166 427 3209 sensum
436 3143 498 3207 loci
507 3154 652 3209 accurate
662 3143 900 3229 contempletur.
927 3141 1035 3225 Quare
1046 3144 1184 3209 scriben-

147 3248 222 3312 dum
238 3245 363 3311 videtur
374 3248 520 3334 παρέξει,
540 3269 643 3331 neque
656 3246 690 3311 id
705 3245 898 3332 superfluum
912 3255 960 3310 est
972 3255 1045 3330 post
1058 3245 1183 3313 τούτων

149 3346 281 3438 ἀφελών
301 3349 424 3415 δοῦναι.
459 3350 531 3414 Nisi
548 3349 628 3414 forte
650 3350 760 3414 vitium
779 3347 840 3414 loci
853 3348 886 3412 in
905 3347 1183 3436 ξυγκαταδαρθών

148 3454 233 3542 latet,
252 3451 339 3537 quod
357 3475 374 3517 e
393 3451 711 3538 ξομκαταδαρθοῦσα
729 3461 911 3538 corruptum
929 3451 1029 3516 videri
1046 3461 1160 3537 potest.

603 3603 651 3658 Vs.
671 3604 733 3683 621.

151 3706 218 3778 ἀπὸ
242 3715 302 3776 τοῦ
326 3708 475 3789 δείπνου,
499 3710 555 3774 καὶ
576 3704 750 3795 τηρήσουδ
772 3706 829 3775 ἐπὶ
851 3720 958 3775 τοῖσιν
977 3707 1184 3794 δημοσίοισιν

152 3811 403 3901 οἱφαυλότεροι,
419 3808 832 3899 κοδκέξέσταιπαρὰτοῖσι
842 3811 1184 3900 καλοῖςκαταδαρθεῖν

151 3929 241 3982 ταῖσι
263 3917 407 4002 γυναιξὶν
430 3917 510 3999 πρὶν
527 3927 599 3993 τοῖς
618 3914 767 4000 αἰσχροῖς
784 3916 840 3980 καὶ
857 3925 928 3993 τοῖς
945 3926 1076 4002 μικροῖς
1091 3922 1186 4003 χαρί-

753 4042 885 4084 σωνται.
1190 4037 1192 4040 ·

212 4123 329 4189 Nescio
351 4144 414 4206 qua
438 4121 573 4187 editione
595 4121 800 4208 Hirschigius
822 4144 900 4188 usus
924 4122 977 4199 sit,
1005 4131 1041 4185 ut
1067 4123 1120 4205 qui
1147 4123 1187 4188 de

154 4226 254 4292 verbis
283 4225 316 4292 οἱ
343 4224 545 4314 φαυλότεροι
570 4225 614 4290 ita
631 4224 791 4309 loquatur,
810 4225 901 4309 quasi
919 4246 957 4290 ea
974 4224 1007 4289 in
1025 4223 1186 4299 codicibus
