2859 4909
687 1085 937 1198 A'vns.
1040 1142 1043 1148 -

767 1353 818 1411 vs.
836 1351 863 1405 2.

472 1487 696 1575 διαρραγείης·
719 1472 779 1566 ἥδε
797 1470 829 1543 (i’
845 1461 887 1540 ovi
905 1467 1023 1561 κρώζει
1040 1463 1156 1533 πάλιν.

365 1624 465 1694 Haud
481 1621 595 1690 iniuria
609 1618 753 1686 Cobetus
771 1616 933 1699 suspectat
949 1598 1008 1693 ἥδε
1023 1597 1053 1669 δ’
1070 1588 1123 1680 αὖ,
1144 1591 1239 1682 quod
1252 1584 1341 1676 ἡὸεδὶ

301 1727 503 1800 scribendum
529 1744 601 1791 esse
628 1719 758 1798 oonioit3
791 1738 855 1783 non
886 1710 963 1778 satis
990 1701 1160 1776 commode
1189 1695 1278 1763 enim
1302 1677 1340 1755 αὗ

300 1836 332 1901 h.
351 1834 373 1899 l.
396 1826 599 1915 coniungitur
620 1846 693 1891 oum
715 1820 833 1900 πάλιν,
856 1813 944 1903 quod
964 1832 1030 1877 non
1049 1826 1161 1872 rursus
1186 1794 1341 1887 signifieat

302 1936 360 2005 sed
387 1932 436 2014 εἰς
460 1926 623 1999 τούπίσω.
669 1923 804 1992 Servavi
829 1931 935 1987 tamen
961 1912 1114 1980 librorum
1142 1903 1340 1989 scripturam,

302 2062 377 2107 oum
398 2036 494 2104 etiam
515 2031 578 2098 alia
599 2028 701 2096 oonioi
723 2025 861 2114 possint,
886 2018 971 2086 velut
991 2009 1052 2102 isia
1075 2006 1106 2079 δ’
1129 2004 1202 2076 ἄνω
1229 1998 1340 2090 κρώζει

303 2140 415 2220 πάλιν,
433 2149 469 2205 ut
486 2159 535 2203 vs.
554 2132 607 2201 50.
626 2127 646 2218 ἡ
664 2128 790 2219 κορώνη
809 2149 869 2211 μοι
886 2121 989 2190 πάλιν
1007 2113 1074 2185 ἄνω
1092 2140 1128 2181 τι
1147 2107 1280 2201 φράζει.
1361 2137 1365 2144 ’

765 2313 816 2371 Vs.
835 2311 878 2366 15.

434 2445 472 2524 ὃς
490 2439 569 2510 τώδ’
588 2439 712 2529 ἔφασκε
729 2440 793 2523 νῷν
811 2430 953 2521 φράσειν
971 2424 1029 2495 τὸν
1050 2426 1168 2511 Τηρέα,
1293 2443 1296 2448 ·

432 2545 491 2615 τὸν
509 2540 608 2632 ἔποφ’
626 2541 663 2622 ὃς
681 2535 770 2626 ὅρνις
787 2528 901 2623 ἐγένετ’
919 2530 954 2599 ἐκ
970 2535 1037 2598 τῶν
1056 2526 1190 2618 ὀρνέων,

435 2645 604 2715 κάπέδοτο
621 2641 679 2710 τὸν
697 2642 757 2727 μὲν
771 2634 993 2728 1θαρραλείόον
1011 2635 1146 2700 τουτονί

435 2744 568 2815 κολοιὸν
587 2741 720 2831 ὀβολοῦ.

371 2885 499 2951 Horum
525 2904 676 2948 versuum
703 2881 759 2966 qui
786 2875 947 2945 secundus
973 2884 1037 2950 est,
1065 2893 1141 2937 oum
1167 2861 1281 2953 partim
1305 2874 1341 2946 9¹

307 3013 356 3055 vs.
377 2988 427 3053 13.
446 2985 561 3073 partim
579 3006 620 3049 ex
637 3007 685 3050 vs.
703 2983 758 3049 47.
777 2979 973 3066 compositus
997 2976 1052 3053 sit,
1074 2979 1162 3038 necte
1186 2966 1293 3053 opinor
1312 2955 1340 3019 in

308 3090 484 3177 marginem
501 3086 651 3174 relegavi,
669 3085 780 3170 inquo
795 3081 1047 3149 consentientem
1059 3075 1166 3143 habeo
1181 3067 1340 3137 Cobetum.

308 3194 395 3259 Eum
416 3191 471 3275 qui
487 3210 636 3256 revocare
653 3189 775 3265 volent,
797 3194 960 3271 postrema
976 3179 1076 3247 verba
1093 3176 1129 3246 ἓν
1146 3180 1214 3245 τῶν
1231 3164 1339 3255 ὀρνέων

310 3296 350 3362 ab
373 3294 480 3379 inepto
503 3291 607 3360 scriba
628 3288 806 3357 inconsulto
823 3288 858 3352 in
874 3286 981 3352 locum
999 3282 1160 3372 genuinae
1179 3274 1341 3359 scripturae

311 3397 445 3462 suffecta
462 3416 534 3461 esse
557 3403 694 3460 statuere
717 3389 888 3457 debebunt.
934 3371 1048 3471 Neque
1065 3383 1150 3450 male
1168 3371 1295 3457 Kliohly
1311 3362 1341 3443 ἒξ

312 3493 431 3580 ἀνδρός
448 3519 532 3563 ποτε
549 3496 602 3561 vel
620 3490 804 3578 ἅνθρωπός
821 3485 897 3557 ποτ’
916 3483 962 3556 ὤν
985 3485 1191 3555 scribendum
1208 3468 1339 3546 coniecit,

310 3598 416 3681 inepte
441 3620 517 3662 vero
538 3621 570 3663 v.
593 3597 624 3662 d.
648 3597 682 3660 in
702 3591 916 3680 Mnemosyne
944 3588 981 3673 ἐξ
998 3586 1152 3676 Ἐρινύων
1177 3570 1338 3674 proposuib

311 3696 405 3777 quale
423 3708 636 3763 oommentum
657 3719 698 3763 ne
715 3698 749 3761 in
771 3704 912 3761 mentem
930 3693 1061 3778 quidem
1078 3692 1229 3776 cuiquam
1245 3673 1340 3746 venire

312 3794 457 3859 debebat.
504 3798 674 3892 Consimili
693 3797 900 3885 perversitate
921 3796 1008 3862 idem
1031 3819 1062 3860 v.
1082 3795 1113 3860 d.
1132 3793 1215 3859 infra
1231 3805 1276 3850 VS·
1291 3773 1337 3841 40·

314 3890 372 3957 iffi
392 3899 458 3960 τῶν
481 3897 602 3974 ξύλων
624 3895 745 3987 ᾄδουσι
767 3899 970 3977 oonieotavit,
993 3921 1053 3984 pro
1076 3894 1221 3964 ἐπὶτῶν
1243 3882 1337 3953 omar,

312 3991 399 4106 quod
419 3997 679 4076 praecedentibus
702 3999 807 4067 verbis
831 3997 890 4066 ἐπὶ
907 4006 974 4067 τῶν
991 4000 1125 4087 κραδῶν
1143 3983 1251 4087 {ibono
1270 3976 1339 4050 Μ’

252 4115 256 4122 ’
313 4090 457 4207 milatum
474 4105 523 4158 θθῐ
539 4118 596 4180 pro
614 4097 647 4165 ἐν
663 4113 738 4179 ταῖς
756 4102 873 4179 δίκαις.
921 4102 1141 4191 Θαρρελείδης
1159 4095 1233 4186 quid
1251 4079 1338 4155 110ml·

313 4212 363 4255 ms
382 4201 431 4269 sit,
449 4215 543 4261 nemo
561 4198 664 4266 adhue
681 4201 803 4280 <toenia
822 4203 989 4291 analogiae
1002 4214 1250 4271 consentaneum
1266 4187 1338 4256 esset
