2859 4909
509 344 689 403 VESPAE.
1077 335 1121 401 35

102 487 200 574 Zeug
215 510 281 553 von
297 487 403 553 euch.
421 516 465 535 -·-
482 488 539 555 Vs.
560 487 654 553 1339.
672 487 770 575 vulgo
789 486 897 572 ἰαιβοῖ
913 486 1014 573 αἰβοῖ.
1051 488 1120 556 De·

98 592 159 657 levi
179 614 246 657 cum
263 589 303 656 V.
323 588 430 674 αἰβοῖ,
457 589 544 675 quod
566 591 685 656 servari
707 601 813 677 potest
835 592 863 658 si
884 591 1004 660 scribas
1027 591 1121 679 αἰβοῖ

100 690 126 780 y'
142 693 249 780 ἰαιβοῖ.
283 693 470 760 Diudorfius
490 691 540 759 ἰαὶ
558 691 673 778 ἰαιβοῖ.
710 692 803 778 Quae
822 695 927 762 statim
946 707 1120 783 sequuntur

99 821 175 864 nunc
191 798 265 863 mihi
283 798 329 864 sic
348 795 516 863 scribenda
532 796 692 863 videntur:

296 916 378 985 τάδε
394 912 428 1002 μ’
444 913 592 1004 ἀρέσκει·
609 916 711 1001 βάλλε
729 918 861 1004 κημούς.

301 1015 360 1088 οὐκ
379 1016 549 1102 ἀποίσεις,·
567 1025 634 1086 ποῦ
649 1015 719 1088 ’στι
736 1026 803 1089 ποῦ
819 1016 905 1089 ’στιν

301 1120 476 1211 ἡλιαστής,·
495 1121 656 1190 ἐκποδών.

153 1245 215 1311 Pro
229 1240 383 1336 ἀποίσεις
396 1245 494 1331 vulgo
506 1243 623 1333 legitur
636 1238 694 1310 οάκ
707 1239 836 1323 ἀπεισι,
854 1244 940 1330 quod
952 1244 1120 1312 Dindcrfio

97 1360 254 1436 praeeunte
270 1342 328 1415 οάκ
340 1342 422 1415 ἀπει
436 1346 475 1415 σά
495 1348 693 1434 scripseram.
738 1347 831 1414 Nunc
846 1348 926 1414 mihi
944 1344 1002 1416 οάκ
1019 1344 1120 1416 ἀποί-

99 1477 158 1531 σεις
181 1475 290 1519 verum
317 1451 422 1518 visum
449 1460 499 1517 est
523 1449 574 1516 cll.
602 1451 668 1516 Av.
692 1451 787 1517 1032.
815 1446 874 1518 οάιι
895 1447 1051 1533 ἀποίσεις
1071 1450 1119 1518 τιῖι

97 1556 193 1639 nullm
228 1577 287 1621 nec
312 1554 492 1640 displiceret
519 1549 578 1620 οάκ
604 1549 747 1622 ἀπώσει.
791 1554 832 1620 In
857 1555 1009 1643 proximis
1035 1577 1119 1621 nunc

99 1659 245 1747 duplicavi
261 1681 335 1725 cum
356 1657 524 1723 Dindorfio
544 1656 643 1724 verba
664 1662 733 1724 ποῦ
753 1651 853 1738 ’στιν,
878 1680 960 1744 quae
983 1659 1119 1727 fortasse

99 1764 185 1830 lenior
221 1773 269 1829 est
298 1761 476 1827 Hermanni
510 1759 634 1826 medela
668 1755 746 1847 ἡμῖν
783 1760 973 1849 supplentis,
1008 1785 1120 1849 quam·

99 1889 182 1950 quam
204 1866 265 1932 hcc
287 1876 360 1931 ante
381 1859 541 1951 ἡλιαστὴς
558 1862 645 1929 facili
662 1885 766 1930 errore
784 1865 928 1931 excidere
945 1866 1058 1953 potuit.
1075 1903 1120 1915 —

99 1968 148 2036 Vs.
166 1970 261 2036 1363.
279 1963 323 2035 ἵν’
340 1961 439 2034 αάτὸν
455 1965 606 2033 τωθάσω
625 1972 781 2046 νεανικῶς
800 1967 805 2052 Ι
825 1966 905 2047 οἵως
921 1964 1006 2035 ποθ’
1022 1957 1119 2048 οὗτος
1210 2028 1215 2038 .

100 2071 147 2156 ἐμὲ
161 2068 228 2162 πρὸ
250 2076 317 2138 τῶν
334 2074 533 2157 μυστηρίων.
579 2066 757 2156 Suspectae
777 2070 851 2136 fidei
869 2082 918 2138 est
934 2070 1119 2138 adverbium

99 2174 178 2255 οἵως,
201 2196 341 2261 proquo
359 2172 431 2239 VR.
451 2172 537 2250 οίοις
555 2172 686 2252 habent,
705 2173 792 2259 quod
809 2197 920 2240 verum
938 2197 1009 2241 esse
1027 2175 1119 2241 docet

100 2278 167 2344 Run.
184 2278 261 2345 909.
278 2275 367 2355 οἵοις
383 2300 419 2342 τε
436 2271 515 2354 τοὺς
532 2273 661 2355 θεατάς
680 2273 839 2364 ἐξηπάτα.

529 2480 579 2536 Vs.
597 2481 675 2536 1373.

162 2608 199 2665 Β.
222 2593 282 2686 ἀᾲς
298 2591 374 2684 lide-
421 2604 458 2661 Φ.
479 2590 539 2682 δᾲς
558 2589 637 2682 δῆτ’.
657 2591 715 2678 οάχ
734 2590 815 2684 ὁρᾷς
832 2593 1036 2682 ἕστιγμένην;

152 2727 242 2811 Quae
278 2726 320 2792 sit
355 2721 415 2812 δᾲς
450 2722 619 2810 ἰστιμμένη
654 2724 829 2812 intelligere
860 2723 922 2790 sibi
951 2724 1040 2790 visus
1071 2735 1120 2791 cst

99 2831 269 2897 scholiasta:
292 2826 494 2915 ἐστιγμένην,
515 2824 801 2915 ἀζωγραφημὲνην·
825 2825 969 2917 ἔγραφον
985 2825 1047 2915 γὰρ
1066 2830 1121 2895 καὶ

101 2931 244 3018 ἀιόσμοον
277 2927 338 3009 τὰς
368 2930 557 3016 λαμπάδας.
610 2931 713 3016 Atqui
744 2930 865 3012 στίζειν
895 2954 961 2997 nnn
989 2931 1120 3019 pingere

101 3038 255 3124 significat,
291 3035 349 3101 sed
375 3056 531 3122 pungere,
566 3035 692 3120 punctis
720 3034 923 3122 distinguere.
978 3032 1120 3101 Omnino

101 3149 186 3206 tutum
210 3138 291 3205 illud
317 3138 357 3203 de
383 3137 501 3203 facium
523 3138 646 3225 pictura
666 3137 744 3204 mihi
766 3148 882 3205 temere
906 3139 1119 3226 excogitatum

23 3223 25 3248 ’
101 3244 216 3310 uidetur.
244 3242 354 3326 Quare
369 3238 560 3329 ἐσχισμένον
577 3240 780 3308 scribendum
797 3264 869 3308 esse
887 3242 1015 3319 conieci,
1034 3241 1120 3327 quod

24 3927 27 4080 1

101 3368 186 3433 aequo
207 3349 275 3413 iure
298 3345 338 3411 de
360 3344 544 3410 muliercula
570 3344 632 3410 ista
657 3368 694 3411 ac
716 3346 757 3411 de
783 3344 876 3411 taeda
902 3367 920 3410 e
946 3343 1118 3431 segmentis

100 3447 240 3536 lignorum
258 3450 405 3516 fissorum
423 3448 578 3535 componit
579 3471 598 3513 a
566 3448 678 3516 tdici
695 3460 809 3536 potest

528 3651 578 3708 Vs.
597 3653 674 3707 1393.

472 3763 608 3833 crida
555 3762 683 3853 pugy',
708 3764 784 3833 ἐπεὶ

247 3870 342 3958 λόγοι
361 3870 593 3951 διαλλάξουσιν
612 3864 698 3936 αὐτὰ
717 3869 830 3950 δεξιοί.

250 3969 319 4041 ὡστ
316 3968 443 4041 ὀίάΗ
427 3969 500 4061 ouri]
519 3976 622 4062 ταάτη
642 3972 829 4062 ἀιαλλαχθί
832 3996 885 4059 σοι
886 3994 950 4040 ιαι

154 4102 292 4168 Tertium
317 4125 461 4182 versum,
488 4102 521 4167 in
546 4125 609 4188 quo
637 4095 724 4168 ὥστε
749 4125 808 4189 pro
835 4098 881 4181 ιῦς
903 4104 1023 4169 dictum
1045 4103 1121 4171 ferri

102 4224 153 4268 nun
168 4215 277 4291 potest,
295 4229 335 4272 ex
352 4206 504 4294 margine,
523 4205 579 4271 ubi
597 4230 616 4271 a
633 4204 727 4271 docto
745 4206 861 4272 lectore
879 4229 919 4272 ex
933 4207 995 4272 alia
1011 4206 1120 4274 fabula

859 4308 906 4374 δῦ
