2859 4909
490 366 788 461 Luslsuunun
1095 358 1156 426 141

114 513 259 579 σκελοῖν.
303 508 475 594 Nunquam
506 509 597 576 aliter
623 508 868 596 Aristophanes.
900 508 943 578 V.
973 509 1051 578 Pao.
1082 512 1157 581 241.

115 614 194 682 325.
224 613 298 681 820.
327 612 400 680 825.
424 611 506 681 689.
554 611 623 679 'Aa
653 610 749 679 1254.
802 611 928 681 Boules.
958 613 1033 682 266.
1062 615 1158 682 1167.

117 719 254 785 Thesm.
269 717 322 783 24.
335 716 410 783 253.
445 716 529 804 Lys.
545 715 640 783 1172.
686 713 843 783 Consulto
860 716 954 783 omisi
965 717 1047 805 Lys.
1063 719 1158 787 1170.

117 823 177 890 ubi
199 818 243 889 τά
264 814 435 908 Μεγαρικὰ
461 820 557 907 σκέλη
584 818 699 886 dieitur
725 817 887 896 demuris
909 818 1159 910 Megarensium.

121 924 191 993 Sed
213 924 321 1013 gravis
344 944 431 989 error
452 931 597 1009 superest
618 922 652 987 in
678 921 777 991 altero
804 918 928 1013 ἀφρός,
956 924 1161 992 oBrunokio

120 1028 239 1106 deleto,
257 1026 433 1114 aBerglrio
451 1036 557 1093 autem
574 1024 607 1091 in
626 1022 727 1113 ἱδρώς
744 1033 875 1093 mutato.
912 1024 1160 1115 Aristophanem

122 1130 292 1218 scripsisse
309 1140 401 1217 puto:
1205 1149 1209 1156 ’

240 1245 359 1327 -πολὺς
377 1243 408 1315 δ’
425 1243 496 1335 ἀμᾷ
513 1258 644 1314 κοατσῑν
662 1248 790 1315 σκελοῖν
806 1247 933 1339 sospes
950 1249 1030 1318 ἵετο.

12 1356 14 1377 ἵ
121 1371 226 1439 Vides
248 1392 345 1457 quam
366 1367 499 1456 proclivi
520 1389 625 1433 errore
641 1374 807 1436 ΛΥΘΡΟΣ
828 1370 862 1435 in
878 1375 1022 1438 ΑΦΡΟΣ
1039 1369 1160 1438 abierit.

121 1475 243 1541 Notum
274 1484 324 1540 est
354 1471 434 1537 illud
458 1470 655 1537 homericum
683 1470 802 1556 αἵματι
826 1472 882 1539 καὶ
907 1471 1024 1560 λύθρῳ
1050 1498 1162 1543 ποπα·

12 1628 13 1633 η
117 1580 292 1665 λαγμένσς.
337 1576 378 1642 Ιο
394 1575 434 1640 iis
451 1595 534 1659 quae
552 1574 658 1641 statim
682 1585 856 1662 sequuntur
876 1598 925 1643 vs.
946 1576 1041 1645 1262.
1064 1574 1162 1668 ἀγρό-

12 1736 13 1749 ,
118 1675 191 1768 τερ>
206 1676 342 1765 limosus
359 1676 549 1767 σηροκτόνε,
577 1699 642 1743 non
658 1678 770 1765 putavi
785 1677 954 1746 ferendum
970 1702 1042 1748 esse
1060 1675 1161 1771 ἀγρό-

12 1792 13 1871 ζ
103 1779 351 1874 repellemus.
388 1779 581 1848 Constantes
594 1776 712 1847 Graeci
726 1777 989 1870 οοιαάγρσσέραν
1002 1783 1158 1869 dicebant,

12 1876 15 2031 ρ
117 1889 273 1972 idemque
297 1884 507 1973 Aristophani
532 1883 658 1965 reddidi⁸
682 1884 743 1963 sio,
773 1895 810 1950 ut
841 1879 1003 1976 ἀγροτέρα
1025 1883 1161 1978 Ἅρταμι

12 2034 14 2079 4
118 1991 208 2059 erasi
230 1989 401 2067 coalescat3
428 1988 490 2054 nisi
516 1986 598 2054 forte
624 1981 786 2077 ἀγρότειρ’
802 1982 937 2077 idpsum
959 1990 1160 2058 scribendum

12 2106 14 2125 ¹
120 2105 187 2161 est.

571 2260 621 2316 Vs.
639 2259 718 2315 1266.

12 2328 15 2475 l
100 2358 106 2370 ’
272 2372 329 2435 νῦν
347 2362 379 2433 d’
397 2356 438 2433 αὖ
458 2366 555 2454 φιλία
572 2361 599 2433 π’
616 2364 687 2445 αἰὲς
705 2362 849 2456 εὔπορος
867 2367 917 2456 εἴη
941 2349 948 2362 ’

274 2472 331 2536 καὶ
347 2476 406 2537 πᾶν
425 2468 567 2554 αἱμυλᾶν
585 2463 765 2542 ἀλωπέκων
783 2474 1015 2554 παυσαίμεθα.

191 2590 359 2658 Falluutur
371 2590 574 2657 meoiudicio
587 2590 643 2676 qui
656 2585 838 2657 ἀλωπέκων
850 2589 890 2658 de
906 2592 1024 2659 astutia
1032 2592 1163 2679 vulpina

120 2696 191 2762 diei
220 2716 317 2781 posse
349 2693 552 2772 arbitrantur3
585 2690 786 2760 scribendum
813 2693 938 2761 videtur
964 2690 1162 2776 ἀλωπεκιᾶν,

120 2797 213 2885 quod
236 2797 297 2864 etsi
318 2797 373 2883 qui
399 2797 440 2863 de
467 2796 583 2864 astutio
609 2796 740 2885 vulpina
761 2797 875 2865 dixerit
897 2798 973 2865 novi
993 2800 1163 2881 neminem,

120 2900 274 2989 analogia
300 2910 406 2967 tamen
431 2899 515 2966 haue
542 2887 803 2987 significatiodem
830 2901 907 2967 satis
938 2911 1052 2970 tuetur.
1096 2902 1164 2972 Sed

121 3011 267 3093 praestat
289 3003 424 3069 fortasse
447 2998 643 3081 ἀλωπέκων,
665 3003 753 3089 quod
775 3026 816 3070 ex
837 3004 1091 3093 interpretatione
1108 3009 1166 3075 ad·

122 3109 236 3175 ditum*
246 3104 347 3173 videri
364 3115 479 3192 potest,
497 3105 602 3175 delere
619 3118 795 3193 poetasque
808 3106 912 3187 solum
925 3113 984 3176 πᾶν
999 3108 1164 3195 αἱμολιᾶν,

124 3214 322 3286 astutiarum,
340 3208 527 3294 relinquere.
835 3189 849 3223 ‘

573 3377 623 3433 Vs.
642 3378 720 3432 1279.

336 3484 486 3571 πρόσαγε
501 3481 613 3570 χορόν,
634 3479 781 3568 ἒπάγσγσ
796 3482 943 3569 χάριτας,

336 3584 395 3653 ἐπὶ
413 3586 449 3653 ἀὲ
466 3585 605 3653 κάλεσον
619 3579 776 3674 Ἄρτεμιν.

194 3708 380 3794 Legebatur
397 3704 515 3793 ἔπαγε,
537 3705 625 3792 quod
642 3704 745 3792 ἔπαγε
763 3705 800 3773 dd
817 3704 980 3794 Engerus,
1004 3703 1108 3795 ἀπαγέ
1128 3734 1166 3776 τε

125 3805 290 3898 Βοοὲίςίοο
313 3810 453 3897 scripsit3
480 3810 604 3896 utrique
626 3808 705 3875 mihi
727 3804 872 3896 ἐπάγαγε
893 3819 1054 3895 praestare
1076 3812 1166 3881 vide-

124 3914 236 3992 batur,
262 3936 322 3981 neo
349 3912 518 3980 offensioni
544 3934 615 3979 esse
642 3921 746 4000 potest
768 3912 965 3979 diversorum
987 3923 1166 4003 temporum

127 4017 319 4085 eoniunotio.
355 4015 408 4082 De
427 4016 632 4101 sequentibus
651 4011 780 4101 ὄμμασι
798 4014 928 4084 δαίεται
945 4021 1011 4084 Δία
1027 4042 1065 4086 τε
1082 4021 1166 4107 πορλ

128 4119 331 4209 φλεγόμενον
347 4119 546 4206 ingeniosam
568 4120 780 4185 coniecturam
801 4119 965 4206 proposuit
983 4117 1165 4189 Guilelmus

21 4253 22 4268 ν
126 4222 306 4289 Hoffmann
323 4221 527 4290 Jahrbiioher
543 4222 596 4289 fiir
614 4222 706 4289 class.
723 4221 840 4289 Philol.
860 4222 954 4289 1863.
972 4245 1004 4309 p.
1023 4224 1098 4290 235.
