2859 4909
664 390 959 449 LYSISTRATA.

734 529 784 588 Va.
803 530 880 586 1247.

482 630 606 722 ὅρμαον
623 632 690 715 τώς
706 640 889 723 κυρσανίως
907 624 935 701 (ὅ
954 634 1112 720 Μναμόνα

482 735 544 806 τὰν
559 735 637 806 τεὰν
654 743 764 823 μῶαν,
784 734 858 819 ὅτις

484 837 572 909 older
589 837 653 926 ἁμὲ
670 841 737 922 τώς
754 837 782 909 τ’
793 837 982 923 Ἀσαναίως.

353 962 393 1028 ln
410 960 460 1028 his
477 957 536 1029 vio
553 957 630 1029 τεὰν
646 966 742 1046 μαῖαν
759 962 840 1030 Rev.
859 965 1014 1051 scriptura
1031 973 1093 1042 ent,
1116 985 1180 1052 qua
1196 976 1329 1052 recepta

288 1062 356 1146 εὼς
372 1068 554 1154 κυρσανίως
571 1065 605 1131 in
625 1064 749 1133 dativos
771 1067 891 1133 mutavi
911 1079 984 1146 τοῖς
1005 1072 1209 1156 κνρσονίοιςς
1233 1089 1330 1134 aceu-

290 1168 409 1236 aativoe
430 1176 605 1255 posuerunt
625 1169 681 1254 qui
701 1191 760 1256 pro
780 1167 840 1237 τὰν
857 1166 934 1237 τεὰν
950 1168 1099 1258 legebant
1116 1169 1177 1237 τάν
1193 1165 1222 1238 τ’
1245 1167 1327 1254 ἐμὰν

288 1276 398 1356 μαῖαν,
434 1292 516 1357 quae
543 1271 751 1359 complurium
776 1271 926 1339 librorum
953 1274 1108 1361 aciiptura
1133 1282 1192 1341 est
1245 1271 1326 1339 Sen-

290 1375 407 1441 tentiae
428 1375 575 1442 convenit
597 1375 688 1441 unice
710 1375 797 1460 quod
818 1397 879 1464 ego
900 1375 1007 1464 posui:
1043 1379 1154 1453 ιαοίια,
1178 1400 1196 1442 ο
1219 1376 1325 1450 Maon,

289 1478 447 1545 invenito
465 1477 631 1565 Spartanis
648 1490 771 1543 cantum
794 1491 893 1554 taum,
915 1501 979 1545 non
1001 1489 1108 1545 autem
1128 1478 1204 1545 hoe:
1229 1480 1326 1545 exeita

289 1582 409 1648 ιἀοινιει
429 1601 586 1669 meumque
607 1593 744 1658 εααίαοι,
769 1580 825 1648 ubi
847 1581 1063 1649 diversissima
1079 1581 1326 1669 coniunguntur.

290 1682 451 1768 Μναμόνα
468 1683 551 1751 Rev.
568 1683 771 1768 Μναμοσύνα
788 1683 842 1751 alii
858 1684 945 1765 libri,
967 1684 1207 1772 interpolatione
1224 1684 1326 1750 mani·

289 1786 386 1865 featn3
420 1807 524 1873 neque
558 1786 724 1875 Engerum
758 1787 857 1875 probo
888 1786 1071 1873 Μναμοΰνα
1105 1788 1326 1855 conicientem.

289 1888 452 1974 Μναμόνα
472 1913 492 1957 a
510 1889 645 1978 μνήμων
666 1891 842 1958 rectissime
863 1892 1034 1958 formatum
1046 1901 1114 1970 eat,
1138 1912 1273 1978 prorsus
1290 1900 1326 1954 ut

288 1988 434 2082 ἱγεμόννμ
447 1992 489 2061 ab
506 1989 635 2081 ἡγεμών
652 1992 807 2061 formetur
824 2005 855 2062 et
872 1995 934 2062 alia
949 1994 1044 2063 huius
1061 1994 1188 2083 generis
1206 1994 1309 2081 plura

354 2096 505 2166 Nondum
535 2098 682 2166 recedere
711 2098 787 2165 licet
816 2099 857 2167 ab
887 2098 949 2167 hoe
974 2098 1044 2166 loeo
1068 2107 1199 2185 propter
1225 2092 1323 2175 older,

289 2200 376 2287 qnod
390 2223 457 2269 non
473 2202 566 2269 video
583 2202 743 2288 quomodo
761 2201 964 2289 sequentibus
987 2195 1048 2269 ὅκα
1064 2202 1119 2268 τοὶ
1134 2200 1194 2286 μὲν
1213 2197 1325 2267 ἐνίκων

289 2342 333 2356 -
359 2300 423 2389 ἆμί
450 2301 480 2373 d'
510 2294 552 2373 αὖ
578 2305 749 2385 Λεωνίδας
776 2294 852 2393 ἆγεν
882 2304 1047 2373 commode
1077 2302 1179 2392 eptan'
1205 2301 1323 2391 poesit3

289 2427 365 2476 nam
383 2409 411 2476 ei
426 2409 489 2475 hoc
505 2408 610 2476 dicere
627 2409 728 2476 voluit
744 2421 851 2497 poeta,
875 2410 969 2476 Μαιο
986 2431 1042 2476 oon
1063 2410 1160 2483 novit,
1183 2408 1326 2494 quoodof

289 2515 412 2600 quidem
433 2512 531 2580 λοείω
553 2514 731 2590 dationem
754 2512 858 2580 didere
880 2511 1015 2579 debebat
1037 2505 1111 2590 ὅτις
1137 2505 1227 2578 οίδεν
1249 2506 1321 2594 ἆμί,

289 2608 352 2682 ὅκα
376 2616 431 2683 τοὶ
455 2615 515 2701 μίν
542 2613 671 2683 ίνίκααν
697 2614 895 2704 (ἐνίκησαν),
931 2610 995 2700 ἁμὲ
1022 2608 1053 2681 δ’
1083 2602 1125 2681 αὖ
1151 2613 1323 2691 Λεωνίδας

289 2714 421 2805 ἄγαγεν,
453 2719 503 2786 ain
529 2718 590 2785 boe
618 2717 730 2798 voluit,
762 2720 855 2785 Μαεο
881 2743 937 2784 νισι
963 2718 1165 2805 αᾱεμίοίιὸαί,
1197 2722 1321 2806 quando

287 2820 489 2898 αἰαοεὸανααε,
506 2843 571 2888 non
586 2816 677 2898 ,οἶδεν
694 2821 831 2892 debebat
843 2822 989 2900 seribere,
1007 2819 1065 2890 eed
1080 2816 1167 2889 εἶδεν
1179 2820 1320 2905 (tendor).

731 2991 781 3048 Va.
800 2992 876 3047 1251.

374 3088 437 3164 ὅκα
452 3096 505 3163 τοὶ
523 3096 582 3180 μὲν
600 3092 652 3211 ἔρι’
665 3091 860 3186 Ἀρταμιτίῳ
878 3095 1044 3185 πρόκροον
1060 3097 1220 3165 betzeta.

353 3213 564 3283 Soribendum
586 3229 636 3284 eet
657 3217 744 3306 quod
760 3216 939 3285 Ahrenaiua
961 3217 1114 3284 intellexit
1130 3214 1320 3306 πρῶκροον,

285 3342 344 3407 pro
361 3321 510 3387 θείκελοι
530 3321 760 3408 reponendum,
779 3320 866 3407 quod
884 3320 987 3387 adhuc
1005 3330 1111 3400 teneo,
1131 3324 1316 3400 σιοείκελοι,

286 3446 349 3491 non
367 3424 453 3511 quod
469 3414 657 3490 Dindorfius
675 3423 785 3503 voluit,
804 3425 970 3492 θέσκελον.

729 3610 780 3668 Va.
799 3610 877 3666 1257.

413 3713 518 3795 πολὺς
535 3711 568 3781 d‘
584 3710 673 3805 ἀμφὶ
689 3714 750 3796 τὰς
766 3721 882 3804 γένυας
900 3711 1008 3805 ἀφρὸς
1024 3714 1124 3804 ἤνσει,

413 3814 520 3898 πολὺς
537 3813 568 3885 δ’
585 3814 656 3908 ἆμᾷ
672 3824 799 3887 καττῶν
816 3820 938 3888 σκελῶν
957 3816 1065 3908 ἀφρὸς
1081 3818 1162 3889 tao.

348 3936 400 4002 Ita
415 3936 495 4003 haec
513 3959 553 4004 ex
570 3939 709 4006 virorum
726 3940 891 4008 doctorum
910 3940 1126 4008 emendatione
1145 3942 1243 4021 edidi,
1262 3964 1318 4029 pro

284 4043 411 4108 καττῶν
428 4038 500 4106 libri
517 4038 600 4107 κατὰ
616 4047 695 4122 τῶν,
720 4043 796 4109 vitio
818 4043 1073 4128 frequentissimo
1095 4055 1126 4112 et
1144 4045 1177 4111 in
1194 4045 1317 4112 doricae

285 4142 504 4232 philosophiae
527 4143 707 4211 auctoribus
730 4146 816 4232 apud
835 4144 1009 4214 Stobaeum
1026 4147 1153 4215 anobis
1175 4147 1316 4236 pluribus

286 4247 365 4315 loeis
397 4246 533 4316 sublata
586 4246 756 4316 Praeterea
785 4250 1002 4337 reponendum
1031 4249 1156 4318 videtur
1189 4261 1317 4319 καττοῖν
