2859 4909
509 407 692 465 VESPAE.
1076 403 1119 468 33

92 572 169 616 usus
194 560 240 615 est
264 549 426 615 Homerus
453 547 519 616 Od.
542 548 582 616 τ’.
604 549 678 615 231.
711 546 770 616 τὸν
799 549 835 616 δὲ
865 546 974 632 χιτῶν’
1000 551 1121 643 ἐνόησα

91 655 169 742 περὶ
193 653 267 741 χροὶ
298 653 506 739 σιμαλοένσα,
545 648 616 719 οἶόν
646 677 682 718 σε
713 652 873 741 κρομύοιο
904 654 1009 724 λωτὸν
1036 659 1121 727 κάτα

93 756 263 839 ἰσχαλέοιο.
309 754 383 840 Quo
405 756 544 842 respexit
567 755 795 843 Theopompus
812 758 941 846 Fragor.
962 758 1053 827 Com.
1073 788 1121 851 gr.

91 859 153 925 vol.
169 860 212 924 11.
230 881 262 945 p.
281 860 355 926 806.
380 858 507 942 χιτῶνά
528 883 588 944 μοι
606 859 611 943 λ
631 864 743 948 φέρων
768 860 914 941 δέδωκας
936 863 1120 947 δαιδάλεον,

93 961 128 1029 ὃν
149 959 264 1051 ᾔκασεν
284 962 288 1048 Ι
309 957 423 1050 ἄρισθ’
441 957 579 1050 (Όμηρος
600 961 770 1049 κρομμύου
794 964 978 1053 λεπνχόνῳ.
1021 967 1123 1035 Plane

93 1074 193 1131 autern
203 1067 287 1150 quod
297 1065 336 1132 de
346 1064 479 1153 Δοθιήν
489 1065 626 1132 hominis
640 1067 767 1132 nomine
781 1067 847 1132 dixi
861 1090 998 1153 sequens
1012 1094 1123 1139 versus

94 1169 251 1235 oonfirmat
268 1170 323 1236 καὶ
340 1167 404 1256 μέν
421 1173 666 1257 προθυμοῦμαί
682 1194 719 1257 γε
739 1172 1022 1259 σαυλοπρωκτιᾶν.

534 1321 584 1377 Vs.
603 1322 680 1376 1182.

234 1425 355 1494 ἐκεῖνον
374 1422 421 1505 ὦς
434 1421 536 1493 (οὕτω
555 1421 630 1493 ποκ’
646 1416 685 1514 ἦν
702 1433 766 1512 μῦς
783 1430 838 1494 καὶ
855 1424 958 1514 μαλῆ.’

156 1545 209 1614 Sic
231 1548 316 1614 enim
338 1548 417 1613 haee
439 1547 663 1634 distinguenda
686 1559 789 1626 erant,
813 1560 848 1613 ut
871 1542 958 1614 οότω
981 1550 1014 1614 in
1036 1551 1125 1619 initio

94 1649 215 1717 fabulae
237 1650 278 1716 de
299 1674 389 1716 mure
407 1661 438 1716 et
455 1650 592 1716 mustela
609 1650 784 1716 narrandae
802 1661 978 1737 poneretur.
1024 1653 1065 1720 V.
1085 1657 1126 1721 ad

94 1753 218 1842 Fragm.
240 1752 332 1820 Corn.
351 1754 414 1818 ΠΙ.
434 1777 465 1840 p.
484 1754 536 1820 82.

535 1905 585 1962 Vs.
605 1905 682 1961 1222.

140 2010 272 2090 τούτοις
290 2007 393 2092 ξονιὺν
410 2007 452 2077 τὰ
471 2006 578 2078 σκόλι’
600 2005 694 2089 ὅπως
712 2012 812 2093 δέξει.
860 2022 897 2079 Φ.
916 2017 1033 2095 καλῶς.

140 2124 209 2182 ΒΔ.
228 2110 370 2202 δ’ληθεςς
413 2132 453 2189 Φ.
474 2109 520 2192 ὡς
538 2109 646 2193 οὐδεὶς
665 2122 831 2203 Διακρίων
850 2116 987 2197 δέξεται.

152 2237 205 2303 Ita
213 2236 292 2301 haeo
301 2234 431 2301 distinxi
443 2245 614 2321 praeeunte
623 2234 766 2322 Bergkio
779 2236 834 2321 qui
848 2238 956 2315 καλῶς
969 2240 1127 2324 separavit

96 2339 395 2427 apraecedentibus
427 2348 458 2403 et
489 2337 686 2404 Philocleoni
714 2338 842 2418 tribuit3
881 2351 1044 2427 praeterea
1069 2365 1127 2429 pro

96 2445 219 2533 vulgato
250 2440 293 2510 σδι
321 2436 426 2509 σκόλι’
450 2434 545 2519 ὅπως
576 2441 662 2521 δέξει
689 2443 802 2528 scripsi
832 2440 874 2510 τὰ
907 2442 1022 2510 σκόλια
1052 2450 1128 2523 ναῖς

98 2548 192 2630 δέξει,
215 2547 255 2614 ad
273 2555 354 2632 quae
372 2567 470 2629 quum
487 2545 703 2630 respondisset
720 2545 884 2611 Philocleo
901 2549 1022 2627 καλῶς,
1042 2547 1128 2614 Bde·

97 2651 192 2737 lyeleo
214 2651 309 2715 infert
327 2645 467 2735 όληθες;
490 2650 573 2714 itone
590 2647 679 2713 vero?
721 2649 752 2714 N
754 2671 815 2715 uno
832 2651 940 2716 neseio
957 2674 998 2715 an
1015 2652 1128 2738 vulga·

97 2755 135 2820 ris
151 2754 311 2821 distinctio
335 2761 366 2817 et
389 2751 542 2837 scriptura
562 2752 740 2818 revocanda
758 2753 813 2830 sit,
837 2753 894 2818 sed
917 2754 963 2820 sio
984 2765 1019 2819 ut
1042 2766 1128 2823 totus

98 2881 202 2925 versus
218 2856 302 2923 1223
316 2855 372 2920 uni
385 2853 540 2920 tribuatur
552 2853 759 2921 Philocleoni.
794 2855 919 2921 Eodem
933 2880 1028 2923 versu
1045 2859 1128 2923 male

99 2984 202 3028 omnes
222 2965 386 3048 Διακρίων
407 2959 441 3023 in
464 2958 593 3045 vulgata
615 2958 770 3045 scriptura
791 2959 831 3025 de
853 2959 991 3025 Diaoriis
1009 2961 1127 3026 Atticis

100 3066 263 3153 accipiunt,
292 3063 383 3148 quasi
405 3062 439 3127 hi
466 3061 634 3127 sooliorum
661 3062 887 3128 cantandorum
913 3086 989 3149 prae
1017 3064 1127 3130 ceteris

99 3170 183 3253 periti
204 3168 332 3234 fuerint.
376 3164 450 3230 Non
471 3164 608 3231 dubitari
628 3175 734 3251 potest
752 3166 828 3249 quin
845 3176 930 3232 reete
949 3166 1128 3251 scripserim

102 3266 164 3337 οὐδ’
187 3270 217 3337 εἰ
234 3274 413 3357 Διακρίων,
441 3268 526 3352 quod
551 3267 689 3335 hominis
710 3291 826 3334 nomen
846 3268 907 3333 fuit
930 3269 1008 3334 scite
1030 3268 1128 3334 scolis

9 3379 10 3400 λ
102 3374 258 3440 cantantis.
297 3371 420 3439 Sensus
438 3371 535 3459 igitur
550 3370 603 3437 hio
621 3382 669 3438 est
687 3384 751 3435 tom
767 3376 838 3437 acite
856 3374 1005 3457 excipiam
1023 3374 1127 3447 stolio,

9 3511 11 3532 ι
100 3489 129 3541 ot
153 3501 189 3543 νιο
214 3478 347 3542 Dianio
368 3482 470 3562 possit
495 3477 608 3540 sattius.
652 3474 706 3540 De
729 3469 801 3540 οὐδ’
823 3473 866 3551 εἰ,
894 3474 979 3557 quod
999 3474 1128 3539 Atticae

9 3631 11 3656 ‚
102 3579 267 3668 elegantiae
282 3589 341 3656 est,
360 3579 469 3644 utalia
483 3578 604 3642 mittam
623 3578 665 3642 cf.
684 3577 758 3643 351.
779 3572 837 3643 οὐκ
852 3575 938 3642 ἔστιν
953 3571 1038 3664 ὀπῆς
1054 3573 1127 3643 οόδ>

9 3661 11 3744 λ
102 3680 128 3748 οἰ
144 3688 255 3772 σέρφῳ
275 3681 438 3749 διαδῦναι.
484 3681 634 3748 Ceterum
652 3703 767 3746 nornen
785 3680 875 3756 illud,
899 3679 985 3764 quod
1001 3681 1130 3748 Aristo-

18 3773 22 3782 *
102 3785 191 3870 phani
219 3786 358 3863 restitui,
389 3786 505 3851 rectius
535 3784 671 3851 fortasse
703 3788 872 3869 Διακρόων
904 3784 1063 3864 scribitur,
1095 3799 1131 3850 ut

9 3865 11 3938 λ
100 3882 277 3977 Ἀνακρέων,
297 3890 489 3977 Δεξικρέων,
506 3883 810 3975 Ἑρμοκρέιον,ιο1ἰο.

541 4040 592 4097 Vs.
611 4040 688 4096 1226.

268 4142 378 4224 οὐδεὶς
394 4142 526 4214 πώποτ’
544 4143 623 4234 ἀνὴρ
644 4140 757 4233 ἐγένετ’
771 4140 954 4231 Ἀθηναῖος.

162 4269 286 4335 Locum
308 4268 447 4355 graviter
468 4259 676 4354 depravatum'
696 4267 742 4331 sie
763 4264 927 4331 restituere
949 4265 1026 4329 mihi
1044 4265 1131 4330 visus

152 4387 255 4439 λλιλιιιλε,
273 4387 503 4443 λ’ἰκδίοἱσολνίνεορλι.
896 4370 916 4433 3
