2859 4909
464 416 761 474 LYSISTRATA.

549 555 599 611 Vs.
618 557 678 612 931.

258 658 297 728 τὸ
317 661 477 749 στρόφιον
493 656 556 748 ἤδη
574 660 710 745 λύομαι·
728 662 876 751 μέμνησό
895 689 959 730 νυν.

160 782 305 850 Cobetus
327 776 389 869 ἤδη
409 776 566 864 ’κόύομαι
589 782 733 849 coniecit.
777 780 825 848 At
852 783 1027 871 strophium
1048 797 1133 852 reete

95 886 241 955 λύεσθαι
262 885 326 952 diei
348 884 485 951 ostendit
511 884 581 971 ipse
602 884 836 972 Aristophanes
862 886 948 973 apud
969 885 1132 956 Pollucem

12 1028 13 1039 ν
96 991 181 1068 VH,
209 989 264 1055 67.
287 985 336 1067 ,τὸ
369 987 531 1076 στρόφιον
562 986 664 1054 λυθὲν
694 984 738 1054 τὰ
768 988 874 1076 κάρνα
899 984 1139 1071 μούξίνιινιτεν.

98 1094 152 1160 cf.
172 1090 369 1179 Thesmoph.
389 1090 464 1157 638.
480 1088 568 1172 χάλα
584 1094 710 1173 ταχέως
727 1087 766 1158 τὸ
786 1091 955 1180 στρόφιον.

550 1233 600 1288 Vs.
619 1233 681 1289 933.

139 1353 179 1411 K.
206 1339 243 1429 νὴ
263 1335 318 1409 Δί’
336 1336 522 1426 ἀπολοίμην
541 1327 617 1426 ἆρα.
661 1349 706 1406 Μ.
733 1340 870 1429 σισύραν
893 1337 951 1407 οὐκ
974 1340 1067 1424 ἔχεις.

160 1463 212 1528 Ita
233 1461 415 1527 Brunckius
438 1458 549 1540 edidit,
573 1481 670 1545 quem
692 1461 795 1527 seouti
815 1435 1037 1542 suntomnes5
1063 1462 1134 1529 libri

101 1563 163 1653 ἄρα
188 1565 321 1644 habent,
350 1562 438 1650 quod
463 1563 497 1629 iu
521 1561 585 1629 fine
612 1564 785 1632 sententiae
807 1562 1038 1653 Aristophanes
1060 1566 1132 1654 plus

103 1670 196 1736 semel
221 1667 345 1757 posuit3
372 1666 430 1733 sed
456 1655 522 1755 ἆρα
548 1666 595 1733 sie
620 1666 760 1754 positum
786 1667 929 1734 nonnihil
950 1668 1134 1736 offensionis
1237 1711 1253 1764 .-

102 1772 217 1840 hnbet.·
247 1769 385 1837 Aooedit
406 1769 492 1855 quod
515 1769 655 1859 σισύραν
678 1766 737 1837 ούκ
759 1768 842 1854 ’ἔχεις
864 1772 949 1840 iusto
970 1770 1133 1860 abruptius

103 1874 361 1964 praecedentibus
376 1873 554 1940 inferuntur
559 1898 569 1952 ;
587 1894 686 1959 quare
703 1872 802 1939 edidi:

142 1989 181 2047 K.
208 1976 247 2066 νὴ
266 1973 321 2045 Δί’
339 1972 538 2064 ἀπολοίμην.
582 1985 627 2044 Μ.
655 1971 741 2043 ἀλλὰ
759 1977 899 2063 σισύραν
917 1973 976 2045 ούκ
993 1976 1086 2061 ἔχεις.
1206 2037 1216 2045 .

106 2082 163 2149 Pro
180 2081 318 2169 σισύραν
331 2080 491 2168 Bergkius
505 2078 623 2166 ubique
637 2080 723 2168 apud
736 2079 984 2168 Aristophanem
998 2086 1135 2167 σίσαρον

107 2186 208 2258 ediditz
227 2195 260 2252 at
273 2193 358 2251 reete
372 2183 445 2250 libri
458 2184 596 2271 σισύραν
608 2182 736 2251 habent
765 2181 972 2252 Substantivn
984 2183 1136 2250 feminina

107 2289 137 2354 in
159 2313 221 2376 νρα
246 2287 395 2354 exeuntia
424 2286 568 2354 ultimam
597 2286 776 2374 producunt
807 2286 933 2373 quando
963 2286 1136 2374 penultima

113 2392 280 2480 corripitur,
316 2389 489 2478 corripiunt
521 2390 649 2477 quando
674 2389 869 2482 producitur.
913 2389 1013 2458 Reote
1040 2390 1136 2478 igitur

12 2552 13 2555 ,
114 2494 219 2582 σισύρα
241 2504 277 2560 ut
298 2493 413 2581 κιχύρα
435 2502 467 2560 et
493 2493 570 2572 alia,
597 2503 682 2562 recte
708 2494 785 2559 item
806 2497 969 2580 Κέρκυρα,
1000 2487 1134 2580 ἄγκυρα.

13 2872 14 2887 l

13 2903 15 2920 l

13 2961 16 3120 ἡ

113 2595 329 2686 Exceptionem
347 2596 424 2662 facit
441 2596 593 2684 κοίίύρα.
637 2595 680 2664 V.
698 2594 817 2663 Aroad.
835 2618 868 2683 p.
888 2593 960 2675 194,
981 2597 1031 2663 15.

553 2748 603 2804 Vs.
621 2749 683 2804 942.

229 2852 289 2939 ούχ
306 2850 367 2943 ἡδύ
384 2853 424 2922 τὸ
441 2853 545 2942 μύρον
561 2852 610 2938 μὰ
627 2850 684 2921 τὸν
698 2849 847 2922 Ἀπόλλω
865 2859 1008 2941 τουτογί.

125 3047 127 3051 ,
166 2976 258 3044 Haeo
279 2976 355 3042 seni
376 2997 471 3063 posse
494 2975 566 3059 quis
587 2973 703 3041 infitias
726 2973 803 3040 ibit?
830 2984 862 3041 et
888 2984 994 3041 tamen
1020 2974 1138 3061 aliquid

115 3078 172 3145 vitii
186 3080 292 3146 loeum
311 3080 445 3146 traxisse
463 3078 616 3165 suspicor.
647 3076 816 3165 Myrrhina
830 3077 978 3146 Cinesiae
997 3101 1141 3166 unguen·

15 3217 16 3268 3
116 3190 172 3247 tun
196 3182 358 3260 attulerat,
384 3204 449 3268 quo
475 3180 509 3246 in
535 3203 648 3247 manus
677 3192 782 3248 sumto
808 3202 860 3248 res
886 3182 957 3267 ipsa
978 3181 1138 3268 postulare

15 3295 16 3346 l
115 3285 226 3352 videtur
251 3296 288 3351 ut
312 3284 480 3372 Myrrhina
502 3294 681 3369 quaereret,
708 3307 750 3349 an
775 3307 840 3350 uon
866 3283 1006 3350 suaviter
1030 3284 1138 3350 oleret.

118 3384 161 3453 Cf.
178 3388 355 3455 Menander
373 3387 467 3454 Com.
485 3386 546 3454 IV.
565 3410 596 3475 p.
617 3387 691 3454 148.
710 3383 770 3470 ούχ
786 3382 847 3474 ἡδὺ
865 3383 904 3453 τὸ
922 3386 1043 3471 μύρον,·
1064 3392 1139 3467 πῶς

16 3567 17 3572 ρ
116 3487 167 3575 γὰρ
184 3488 240 3575 ούς
283 3491 397 3577 Itaque
420 3488 622 3559 scribendum
645 3490 791 3578 suspicor
808 3484 867 3573 ούχ
883 3484 944 3576 ἡδὺ
963 3487 1000 3555 τὸ
1018 3488 1138 3577 μύρονς

17 3917 18 3926 ι

17 3929 19 3938 ι

18 3987 19 3998 t

18 4035 19 4044 ι

19 4285 20 4372 ᾗ
123 4265 238 4359 intelligi
254 4295 318 4339 non
335 4281 450 4360 potest.
494 4271 586 4339 Idem
604 4272 764 4360 Bergkius
782 4272 925 4340 eonieoit.
969 4311 973 4316 <

116 3603 145 3656 nt
162 3593 343 3681 Myrrhinae
365 3594 444 3661 haee
465 3593 653 3660 tribuantur.
698 3592 825 3677 Quibus
850 3591 997 3660 Cinesias
1023 3594 1140 3681 regerit

117 3691 156 3775 μὰ
170 3694 223 3764 τὸν
239 3692 387 3767 Ἀπόλλω
407 3692 446 3764 ού
463 3701 607 3783 τουτογί.

555 3840 605 3896 Vs.
624 3839 685 3895 944.

274 3941 399 4013 τάλαιν’
416 3942 480 4032 ἐγὼ
497 3944 537 4013 τὸ
556 3945 686 4036 ῥόδινον
702 3940 835 4033 ἤνεγκον
851 3945 966 4033 μύρον.

172 4065 354 4154 Legebatur
389 4066 515 4157 ῥόδιον,
551 4066 639 4152 quod
674 4087 745 4132 eam
776 4065 817 4133 ob
849 4089 980 4134 oausam
1011 4067 1139 4153 ῥόδινον

124 4166 233 4254 scripsi,
256 4170 407 4256 quoniam
429 4168 541 4259 ῥόδιον
563 4169 667 4257 μύρον
687 4169 750 4235 nisi
771 4169 812 4235 de
830 4168 956 4238 Rhodio
978 4184 1140 4259 unguento
