2859 4909
272 365 337 434 156
532 379 1047 438 ruusuornonlrzusru.

723 518 775 574 Vs.
793 518 853 574 724.

380 640 466 724 τάχα
483 640 520 707 δὲ
536 634 755 724 μεταβαλοῦο’
772 638 830 708 ἐπὶ
847 637 946 709 κακὸν
963 638 1182 731 ἑτερότροπον

379 749 431 824 τίς
449 738 477 811 o'
494 741 605 826 ἐπέχει
622 743 712 831 τύχη.

333 881 443 948 Primo
460 903 556 948 versu
573 880 785 960 Fritzsohius,
808 903 903 966 quern
926 893 1077 968 sequutus
1100 907 1187 963 sum,
1213 882 1312 949 edidit

268 982 329 1052 ἐπὶ
354 980 428 1067 κάχ’
457 981 675 1074 ἑτερότροπα,
706 984 856 1072 Engerus
883 995 989 1051 autem
1016 981 1071 1074 ἐφ’
1101 984 1311 1074 ἑτερότροπα

268 1087 363 1154 κακά.
406 1086 527 1153 Neutra
553 1087 734 1154 coniectura
760 1086 933 1174 probabilis
959 1099 1023 1168 est3
1051 1086 1190 1156 sortasse
1212 1085 1311 1155 κακὸν

267 1190 430 1278 glossema
447 1201 496 1257 est
519 1190 784 1275 seribendumque
808 1186 858 1278 ἐφ’
879 1187 1100 1281 ἑτερόρροπόν
1122 1197 1156 1258 τί
1180 1187 1211 1259 o'
1234 1191 1311 1260 ἐπί-

265 1318 320 1377 χει
336 1293 427 1381 τύχη.

723 1480 773 1535 Vs.
792 1480 851 1536 728.

428 1603 530 1688 ἴωμεν
548 1601 606 1670 ἐπὶ
622 1601 683 1680 τὰς
699 1603 902 1690 κληματίδας
919 1593 946 1669 ὦ
965 1611 1085 1671 Μανία.

428 1700 517 1793 κάγώ
537 1699 566 1774 o'
582 1701 750 1787 ἀποδείξω
768 1705 964 1791 θυμάλωπα
981 1707 1132 1796 τήμερον.

313 1844 436 1911 Vereor
464 1866 505 1909 ne
535 1844 568 1910 hi
599 1866 711 1910 versus
737 1844 819 1910 inter
845 1867 880 1911 se
907 1845 1132 1932 transponendi
1151 1846 1231 1927 sint3
1266 1847 1308 1913 ita

269 1946 369 2013 multo
392 1946 496 2033 aptius
520 1947 755 2034 coniunguntur
775 1947 873 2014 verba
894 1944 982 2036 κάγώ
1008 1943 1036 2016 o'
1057 1944 1229 2032 ἀποδείξω
1248 1961 1306 2017 ete.

266 2072 342 2117 eum
359 2050 398 2117 iis
416 2072 498 2135 quae
516 2049 631 2116 chorus
649 2049 689 2116 de
708 2050 878 2117 ustulando
896 2052 1097 2118 Mnesilocho
1114 2052 1249 2120 dixerat.

726 2238 776 2293 Vs.
795 2238 854 2292 760.

432 2359 616 2448 ταλαντάτη
634 2365 757 2441 Μίκκα,
776 2366 828 2440 τίς
846 2358 1018 2448 ἐξεκόρησέ
1036 2385 1089 2443 os,-

433 2469 484 2544 τίς
501 2461 559 2552 τὴν
578 2459 749 2552 ἀγαπητὴν
767 2464 877 2531 παῖδα
894 2460 1137 2553 οούξηρήοατος

332 2601 526 2669 Revooanda
547 2613 597 2668 est
617 2601 770 2668 librorum
789 2602 944 2688 scriptura
961 2607 1063 2680 Μίκα,
1087 2600 1127 2667 de
1149 2623 1217 2687 qua
1240 2601 1305 2667 dixi

266 2704 309 2771 ad
326 2705 465 2791 Lysistr.
486 2704 559 2770 723.
603 2705 717 2771 Altero
736 2727 829 2771 versu
846 2706 964 2771 frustra
979 2703 1129 2792 Engerus
1152 2727 1305 2773 excusare

266 2816 401 2874 conatus
428 2816 476 2873 est
503 2805 672 2873 barbarum
698 2818 732 2874 et
756 2818 934 2895 postremae
961 2808 1073 2886 aetatis
1101 2807 1304 2895 scriptoribus

267 2910 420 2976 usitatum
446 2909 598 2975 aoristum
625 2908 849 2999 ίξηρηαάμηνς
875 2933 916 2976 ne
942 2910 1020 2976 illud
1047 2911 1192 2996 quidem,
1221 2911 1305 2996 quod

267 3012 428 3101 Bergkius
451 3011 631 3079 dubitanter
652 3015 817 3101 proposuit
840 3012 1026 3103 ἓξενήρατο,
1052 3015 1088 3080 in
1109 3015 1207 3081 attico
1231 3014 1304 3081 scri-

267 3128 357 3205 ptore
379 3116 455 3182 ferri
476 3126 589 3203 potest.
635 3116 793 3195 Cobetus‚
820 3118 875 3202 qui
901 3117 1046 3183 iniuriam
1067 3116 1143 3182 feeit
1165 3116 1304 3205 Bergkio

266 3244 341 3288 oum
367 3220 452 3287 huno
479 3217 660 3307 ἕξηρήοατο
686 3220 843 3307 patienter
869 3220 979 3286 tulisse
1005 3219 1132 3298 dixerit,
1162 3219 1303 3287 Cobetus

264 3326 364 3412 igitur
386 3324 463 3409 quid
489 3324 529 3388 de
547 3323 579 3389 h.
598 3323 619 3388 l.
639 3334 757 3389 statuat
774 3347 838 3389 non
856 3322 945 3389 dixit.
988 3322 1074 3388 Mihi
1090 3346 1155 3389 non
1173 3323 1303 3390 dubium

265 3428 391 3495 videtur
421 3427 497 3512 quin
527 3427 644 3493 reiecta
668 3425 827 3492 Lobeckii
858 3425 900 3491 ad
924 3425 1143 3512 Phrynichum
1168 3449 1202 3513 p.
1231 3425 1301 3491 718.

264 3541 368 3597 totum
389 3553 518 3597 versum
540 3529 731 3596 eliminantia
759 3529 927 3606 sententia,
955 3530 1060 3595 locum
1081 3537 1167 3594 reote
1188 3529 1233 3595 ita
1255 3549 1326 3593 re·.

265 3635 414 3700 finxerim
448 3638 499 3713 τίς
536 3629 595 3721 τὴν
636 3627 808 3721 ἀγαπητὴν
847 3631 957 3698 παῖδά
995 3656 1055 3699 σου
1097 3631 1300 3721 διεχρήσατο.

266 3737 367 3803 Error
388 3737 474 3801 unde
494 3746 588 3802 natus
611 3734 652 3801 sit
674 3758 739 3800 non
761 3734 893 3801 dubium
915 3734 1014 3801 videri
1031 3743 1135 3822 potest
1153 3732 1302 3822 cogitanti

266 3837 326 3906 dade
352 3850 384 3904 et
411 3836 446 3918 ἐξ
471 3839 631 3905 simillimo
658 3838 757 3904 duetu
778 3839 811 3904 in
832 3837 904 3904 edd.
927 3838 1063 3916 exarari,
1090 3836 1175 3905 unde
1201 3836 1300 3903 facilis

267 3943 381 4008 harum
402 3942 671 4027 praepositionum
694 3942 892 4028 permutatio.
938 3940 1007 4007 Csr.
1027 3940 1186 4007 Cobetum
1202 3939 1241 4007 N.
1259 3939 1299 4003 L.

267 4069 301 4133 p.
320 4045 394 4112 290.
