2859 4909
309 396 353 463 64
726 404 926 471 EQUITES.

308 550 495 637 plusquam
513 549 641 637 triginta
656 548 735 614 locis
754 569 831 613 usus
850 547 892 612 sit
908 545 1151 634 Aristophanes,
1172 547 1227 612 vix
1245 546 1356 613 credi-

308 652 372 719 bile
398 662 447 718 est
473 674 547 718 enm
569 651 668 718 semel
690 651 877 718 femininum
899 649 1096 730 adhibuisse3
1122 672 1226 735 neque
1249 649 1356 715 aliurn

309 755 493 842 scriptorem
506 754 650 821 Atticum
665 753 829 843 στεφάνην
842 753 946 819 dicere
959 753 1088 828 memini
1101 775 1159 839 pro
1172 757 1354 841 στέφανος,

309 881 391 946 quae
407 858 453 924 ita
470 858 629 937 differunt,
647 868 683 924 ut
700 857 845 945 στεφάνη
861 856 902 922 de
919 856 1065 924 muliebri
1082 869 1204 934 omatn,
1222 878 1358 922 mascu-

310 961 411 1027 linum
428 961 470 1028 de
487 961 600 1047 quovis
619 973 703 1028 serto
721 961 853 1029 dicatur.
894 958 1029 1027 Serioris
1047 960 1159 1027 aetatis
1178 958 1355 1047 scriptores

310 1064 390 1131 haec
405 1064 527 1151 passim
542 1063 750 1131 confundunt.
793 1063 906 1149 Itaque
919 1064 980 1129 nisi
993 1064 1027 1128 in
1038 1062 1264 1149 Aristophanis
1277 1061 1357 1129 loeo

309 1167 573 1255 incomprehensa
594 1167 672 1233 mihi
694 1166 886 1254 ambiguitas
907 1166 1004 1245 inest,
1031 1165 1139 1231 malim
1161 1166 1285 1253 utique,
1316 1176 1356 1230 ut

311 1269 393 1350 dixi,
417 1272 469 1338 hio
487 1272 583 1338 etiam
599 1270 710 1357 reponi
728 1272 863 1335 formam
880 1269 1095 1336 masculinam.
1138 1268 1178 1334 In
1196 1267 1356 1356 ambiguo

311 1374 393 1439 ludit
414 1384 508 1461 poeta
529 1372 655 1440 Eccles.
681 1372 777 1439 1034.
804 1371 860 1438 ubi
885 1372 1009 1440 vetulae
1035 1372 1153 1438 dicenti
1173 1362 1194 1459 ἦ
1215 1369 1280 1459 μὴν
1303 1367 1351 1438 lir’

313 1471 433 1564 ὠνήσει
455 1473 496 1544 σὺ
518 1478 573 1543 καὶ
596 1474 760 1563 στεφάνην
783 1473 871 1560 ἐμοὶ,
899 1474 1151 1541 adolescentulus
1177 1475 1356 1562 respondet

312 1575 351 1667 νὴ
368 1576 426 1646 τὸν
444 1574 498 1646 Δί’
513 1573 616 1666 ἤνπερ
634 1568 655 1667 ᾖ
672 1582 709 1665 γέ
727 1601 793 1645 που
811 1583 878 1646 τῶν
894 1583 1045 1666 κηρίνων,
1064 1577 1156 1663 quasi
1174 1582 1353 1666 στέφανος,

312 1694 500 1748 mortuoram
527 1684 655 1759 corolla,
691 1682 930 1768 praecessisset,
958 1682 1013 1766 qui
1044 1681 1170 1769 κήρινοι
1201 1681 1356 1748 dicuntur

313 1785 407 1851 etiam
425 1784 627 1852 Artemidoro
645 1782 792 1852 Onirocr.
809 1784 837 1863 Ι,
857 1786 908 1851 77.

765 1970 814 2028 Vs.
831 1972 892 2026 972.

357 2110 430 2169 ιιι.
459 2098 543 2169 tros.
588 2110 693 2169 AAA.
723 2098 795 2168 aa
817 2097 854 2189 a,
873 2061 932 2168 ιὸί
948 2097 1021 2169 Δι’·
1048 2097 1142 2169 aaa
1157 2102 1289 2171 κωιιει.

380 2246 542 2313 Isiciarius
562 2253 601 2313 ‘sc
624 2246 751 2313 oracula
772 2246 940 2313 allaturum
957 2270 1028 2314 esse
1046 2249 1176 2315 dixerat.
1221 2249 1315 2315 Idem
1336 2274 1357 2316 a

314 2348 522 2438 Paphlagonc
543 2350 622 2437 petit
639 2348 783 2416 Demus:
810 2351 864 2415 καὶ
883 2349 923 2418 σά
942 2377 997 2418 νυν
1015 2351 1094 2440 (leg.
1114 2349 1153 2418 σὺ
1171 2356 1239 2434 νῦν)
1257 2356 1355 2440 φέρε.

314 2451 369 2518 Ad
391 2474 473 2537 quae
495 2464 579 2519 recte
602 2475 678 2520 sane
695 2452 862 2540 Paphlago
883 2454 1053 2541 respondet
1075 2453 1162 2536 ἰδού,
1186 2456 1275 2540 atqui
1297 2456 1357 2522 isi-

314 2555 445 2632 ciarius,
467 2555 523 2640 qui
540 2555 604 2621 iam
622 2578 719 2643 supra
736 2578 770 2623 se
787 2564 932 2643 paratum
949 2580 1021 2624 esse
1039 2558 1173 2636 dixerat,
1191 2557 1247 2624 ills
1262 2557 1356 2643 loqui

314 2680 378 2724 non
395 2658 497 2745 potuit
514 2681 596 2744 quae
613 2681 654 2725 ex
674 2658 806 2746 vulgata
823 2658 988 2726 verborum
1013 2661 1231 2728 coniunctione
1249 2660 1357 2747 loqui-

315 2771 376 2828 tur.
398 2759 510 2846 Itaque
525 2771 626 2828 totum
638 2784 767 2828 versum
781 2762 983 2830 tribuendum
997 2765 1141 2852 suspicor
1148 2763 1355 2852 Paphlagoni

314 2862 378 2929 leni
396 2864 568 2931 mutatione
587 2865 633 2931 sic
651 2865 818 2952 scriptum:

467 3015 540 3085 ἰδού
558 3014 586 3105 y'
603 3016 675 3085 ἰδού
680 3070 690 3101 ,
710 3015 748 3106 νὴ
766 3016 823 3086 τὸν
842 3014 912 3087 Δί’·
936 3017 1030 3088 οὐδὲν
1047 3022 1176 3088 κωλύει.
1216 3011 1220 3024 ¹

317 3169 410 3256 Quae
433 3171 486 3237 ille
509 3183 612 3239 certus
635 3168 785 3239 victoriae
807 3183 839 3239 et
855 3197 931 3261 prae
947 3176 1065 3263 gaudio
1083 3176 1281 3264 triumphans
1300 3202 1357 3245 ex-

260 3323 261 3327 ,
315 3275 439 3444 claffiap),
459 3275 553 3444 sgmul
567 3299 639 3343 cum
652 3275 788 3343 isiciario
807 3300 841 3343 se
854 3278 1038 3376 proripiens.
1083 3279 1135 3346 De
1151 3278 1223 3347 ἰδού
1236 3277 1266 3368 y'
1279 3281 1356 3349 ἰδού

315 3401 346 3444 v.
396 3400 448 3443 u.
491 3379 543 3445 18.

760 3565 811 3622 Vs.
829 3568 905 3622 1036.

504 3684 532 3759 ὦ
549 3700 609 3762 τάν
627 3691 783 3766 άκουσονι
802 3692 874 3764 εἶτα
892 3697 1057 3786 διάκρινον
1074 3699 1161 3767 τότε.

377 3838 509 3906 Praeter
540 3840 668 3907 solitum
693 3840 772 3907 illud
798 3840 874 3908 τότε
901 3843 1078 3909 subiectum
1104 3855 1153 3910 est
1178 3846 1355 3931 particulae

314 3936 400 4020 elsa,
427 3963 487 4006 nec
514 3942 644 4009 dubium
671 3943 750 4009 mihi
775 3944 852 4029 quin
876 3947 1053 4033 corruptela
1074 3946 1180 4013 lateat.
1225 3949 1356 4017 Incerta

314 4065 390 4110 vero
412 4042 476 4108 loci
497 4044 621 4111 medela
643 4055 704 4125 est3
733 4047 868 4113 fortasse
894 4057 1000 4115 tamen
1026 4071 1091 4115 non
1116 4050 1298 4137 displicebit
1327 4044 1355 4119 ὦ

310 4150 371 4213 τᾶν
397 4139 538 4212 άκουσον
569 4143 640 4213 εἶτα
668 4148 832 4237 διάκρινον
857 4150 948 4232 τάδε,
977 4162 1013 4216 ut
1037 4151 1114 4219 τάδε
1141 4151 1181 4219 ab
1209 4149 1354 4224 άκουσον

313 4271 505 4336 suspensum
524 4249 574 4315 sit.
619 4248 712 4316 Alius
732 4253 857 4339 generis
877 4264 925 4321 est
944 4249 1016 4321 eisc
1032 4254 1117 4340 μετὰ
1134 4260 1252 4324 ταῦτα.
