2859 4909
751 415 933 474 VESPAE.

779 554 830 611 Vs.
848 555 908 610 125.

535 657 689 729 ἐντεῦθεν
707 654 809 727 οὐκέτ’
827 655 928 727 oriris
945 657 1147 750 ἒξεφρίομεν.

391 781 542 850 Virorum
554 780 719 848 doctorum
732 780 773 847 de
786 779 920 847 mirabili
934 777 1125 868 ἐξεφρίεμεν
1134 778 1185 845 vel
1194 776 1379 868 ἔξεφρείο-

326 908 386 968 μεν
404 884 600 951 coniecturas
617 884 651 949 in
668 884 777 950 critica
793 883 993 951 annotatione
1011 884 1113 964 attuli,
1140 884 1208 970 ipse
1232 879 1378 971 ἐξέφρει

326 986 428 1073 μόνον
446 987 566 1053 conieci
571 1012 581 1066 ;
599 997 693 1072 atque
712 984 844 1077 ἒξέφρει
859 998 971 1076 postea
988 986 1087 1054 voluit
1104 988 1199 1054 etiam
1217 984 1377 1053 Cobetus

326 1089 449 1157 Mnem.
476 1089 542 1157 XI.
569 1112 602 1177 p.
628 1090 704 1156 444.
731 1112 789 1177 pro
820 1090 922 1175 μόνον
951 1091 1083 1158 lacunae
1110 1091 1201 1178 signa
1226 1113 1374 1177 ponens.

326 1191 450 1260 Verum
464 1193 549 1261 enirn
566 1215 642 1260 vero
659 1192 862 1260 scribendum
879 1204 927 1261 est
944 1194 1030 1260 haud
1047 1191 1142 1260 dubie
1161 1192 1374 1283 ἐξεφρίεμεν,

328 1307 364 1363 ut
380 1295 512 1384 pulchre
529 1294 609 1366 vidit
620 1294 796 1376 Nauclrius,
814 1298 904 1365 ouius
921 1297 1110 1364 uberrimam
1128 1297 1168 1363 de
1184 1297 1248 1363 hoc
1268 1296 1374 1363 verbo

327 1399 583 1467 dissertationem
608 1399 682 1466 vide
707 1400 741 1465 in
766 1399 907 1466 Bulletiu
932 1401 972 1467 de
997 1399 1121 1466 l'Acad.
1148 1399 1188 1466 de
1213 1398 1371 1466 Petersb.

331 1503 426 1569 Tom.
445 1503 507 1570 Vl.
524 1525 558 1591 p.
575 1502 770 1571 424-445.
944 1511 946 1515 '
1125 1517 1127 1520 ’

782 1654 832 1712 Vs.
849 1655 910 1711 240.

423 1754 493 1827 ἀλλ’
512 1757 692 1848 ἐγκονῶμεν
710 1750 842 1848 ὦνδρες,
862 1756 908 1840 ὥς
926 1758 1020 1828 ἔσται
1036 1760 1165 1849 Λάχητι
1181 1766 1265 1830 νυνί.

392 1879 449 1947 Ad
471 1878 565 1947 iocor
588 1880 737 1969 supplent
760 1881 845 1969 δίκη,
873 1882 959 1967 quod
984 1904 1048 1967 quo
1073 1882 1141 1948 iure
1166 1882 1234 1948 fieri
1263 1882 1371 1969 possit

327 2007 427 2072 quum
444 2006 538 2050 nemo
557 1983 711 2064 docuerit,
730 1985 834 2051 locum
854 1995 1033 2071 corruptum
1050 1994 1127 2071 puto
1146 1986 1371 2086 scribendum-

328 2110 391 2174 que
413 2085 547 2155 arbitror
570 2084 616 2169 ὥς
640 2087 735 2156 ἔσται
755 2092 864 2167 κακῶς
880 2086 1010 2176 Λάχητι
1031 2086 1082 2153 vel
1105 2083 1150 2167 ὥς
1169 2086 1267 2156 ἔσται
1294 2090 1366 2176 δίκη

195 2199 198 2206 ’
326 2191 467 2278 Λάχητι.
520 2192 561 2258 ln
591 2192 707 2278 quibus
739 2214 836 2278 quum
867 2195 975 2271 κακῶς
1006 2189 1055 2257 vel
1083 2190 1154 2276 δίκη
1181 2192 1367 2270 excidisset,

328 2303 485 2363 corrector
502 2297 571 2362 νυνὶ
589 2305 701 2362 versus
720 2294 897 2382 complendi
915 2317 1011 2361 causa
1029 2295 1195 2383 supplevit.

781 2446 831 2504 Vs.
849 2446 911 2501 242.

411 2553 495 2636 χθὲς
513 2542 571 2620 οὖν
588 2553 699 2619 Κλέων
719 2548 737 2619 ὁ
755 2549 904 2639 κηδεμὼν
921 2546 999 2640 ἡμῖν
1016 2548 1118 2641 ἐφεῖτ’
1135 2550 1167 2620 ἐν
1185 2547 1258 2641 ὥρᾳ

414 2650 517 2742 ἥκειν.

390 2773 513 2841 Vereor
537 2798 578 2842 ne
594 2774 675 2842 haec
697 2773 885 2862 interpolata
906 2775 969 2840 sint
991 2798 1011 2840 a
1032 2774 1260 2862 grammaticis,
1292 2776 1362 2862 quis

326 2876 379 2942 ille
396 2875 546 2963 κηδεμών
563 2890 648 2945 esset
666 2878 779 2944 docere
796 2876 988 2955 volentibus,
1006 2875 1237 2965 Aristophanes
1254 2889 1363 2944 autem

327 2980 488 3067 scripserit
506 2978 604 3064 ἐχθὲς
620 2980 679 3066 μὲν
698 2970 755 3049 οὖν
774 2975 793 3048 ὁ
812 2979 973 3068 κηδεμών.
1019 2981 1115 3047 Adde
1133 2982 1217 3067 quod
1234 2980 1364 3048 Aristo-

325 3082 447 3169 phanes
469 3083 503 3148 iu
523 3083 667 3151 iambicis
686 3084 826 3150 numeris
843 3107 907 3150 non
924 3107 1003 3150 usus
1020 3106 1092 3150 esse
1110 3084 1234 3150 videtur
1250 3108 1363 3151 mono·

326 3184 450 3271 syllaba
471 3185 575 3253 forma
592 3191 690 3270 χθές,
719 3186 855 3275 collegi
877 3208 959 3272 quae
984 3186 1191 3253 adversantur
1216 3188 1362 3274 exempla

325 3288 411 3356 Plut.
430 3288 503 3355 344.
527 3287 661 3376 dipsacos
684 3285 705 3379 ἢ
725 3294 823 3372 χθές,
851 3289 950 3377 Vesp.
969 3289 1043 3356 500.
1065 3285 1150 3374 κάμέ
1166 3285 1231 3378 y'ri
1253 3290 1360 3378 πόρνη

322 3396 421 3476 χθές,
445 3391 570 3460 Eccles.
589 3393 664 3460 562.
683 3392 859 3482 φράσαντά
877 3416 933 3461 σοι
947 3393 1046 3476 χθὲς,
1070 3394 1217 3460 coronide
1235 3395 1360 3481 appieta

324 3496 366 3563 ad
386 3495 578 3581 reliquorum
600 3497 741 3563 locorum
764 3518 907 3586 normam
928 3495 1069 3561 revocari
1085 3507 1229 3583 possunt.
1276 3497 1360 3564 Con-

324 3599 407 3665 sulto
425 3599 518 3667 omisi
534 3600 673 3687 Lysistr.
693 3597 768 3666 725.
796 3597 830 3677 ἒς
843 3595 1027 3686 Ὀρσιλόχου
1044 3592 1202 3681 2355·st
1219 3622 1284 3685 quo
1303 3620 1358 3666 suo

323 3702 394 3769 loco
407 3703 483 3783 dixi,
503 3715 534 3769 et
548 3703 621 3769 745.
640 3703 696 3770 ubi
714 3696 743 3770 o'
760 3700 858 3784 ἐχθὲς
874 3702 992 3769 habent
1009 3724 1119 3768 omnes
1137 3711 1263 3789 praeter
1278 3703 1357 3769 Rav.

777 3854 827 3912 Vr.
845 3854 906 3910 258.

370 3971 373 3975 ’
452 3949 555 4049 ἦμὴν
575 3958 638 4049 lyci
658 3982 718 4028 σου
734 3956 895 4048 χάτέρους
910 3959 1064 4045 μείζονας
1080 3958 1184 4041 κολάζ
1211 4010 1220 4026 .
1278 3985 1281 3990 ·

327 4137 328 4140 ,
386 4077 453 4146 Hic
465 4102 578 4147 versus
594 4104 652 4147 suo
663 4080 736 4148 loco
750 4090 855 4146 motus
874 4091 905 4146 et
922 4090 996 4168 post
1012 4078 1088 4145 255.
1106 4079 1355 4166 transponendus

324 4182 460 4262 videtur,
483 4193 519 4249 ut
535 4183 758 4271 interrrumpat
775 4184 948 4249 orationem
965 4205 1148 4272 puerorum,
1171 4182 1226 4268 qui
1248 4179 1355 4248 incurii

323 4286 430 4353 senilis
449 4285 671 4353 admonitionis
688 4297 825 4374 pergunt
842 4282 970 4353 κᾶπειτ’
986 4286 1069 4366 trag
1086 4296 1146 4353 etc.
1190 4283 1271 4351 Post
1287 4283 1355 4349 259.
