2859 4909
335 374 377 439 86
777 382 928 441 NUBES.

332 525 496 592 Bentleius
520 522 583 613 ἐγὼ
603 521 635 591 δ’
651 519 781 610 ύπειμι.
826 523 981 589 Nimirum
1000 516 1192 605 ἀπέσσομαι
1210 516 1252 586 ex'
1268 516 1377 588 ἀπεί-

331 653 437 712 σομαι
458 637 640 716 corruptum
657 637 720 707 est,
745 650 826 712 quae
844 626 1066 714 glossematica
1082 625 1184 692 forma
1201 634 1252 691 est
1268 624 1376 690 futuri

331 756 463 817 απειμι.

785 898 835 955 Vs.
852 898 912 954 925.

524 1014 595 1074 ΑΔ.
615 1000 701 1089 ιύμοι
720 1009 843 1093 σοφίας
861 992 958 1092 -ἦς
976 1001 1151 1091 ἐμνήσθης.

397 1125 486 1192 Ferri
503 1126 631 1212 quidem
647 1135 753 1212 potest
772 1121 953 1212 ἐμνήσθης,
978 1124 1157 1212 languidius
1180 1133 1289 1189 tamen
1309 1122 1372 1187 hoc

330 1229 452 1296 dictum
470 1239 528 1309 est,
547 1251 643 1315 quam
660 1237 696 1292 ut
714 1228 760 1293 sic
777 1226 1025 1314 Aristophanem
1043 1227 1207 1313 scripsisse
1225 1226 1371 1293 credam.

331 1332 482 1399 Fortasse
499 1322 539 1420 ἧς
558 1330 707 1420 ἐμυήθης
724 1331 951 1417 reponendum.

784 1518 833 1573 Vs.
853 1517 913 1572 947.

503 1621 711 1706 κεντούμενος
729 1617 842 1709 ὥσπερ
861 1616 917 1689 ὑπ’
933 1615 1106 1711 ύνθρηνιύν

504 1723 572 1793 ὑπὸ
589 1732 657 1793 τῶν
672 1731 810 1813 γνωμιύν
828 1723 1014 1792 ἀπολεῖται.

395 1846 543 1913 Alterum
564 1842 631 1913 ύπὸ
654 1846 733 1911 mihi
750 1857 859 1913 contra
876 1869 969 1912 usum
986 1845 1128 1911 additum
1146 1868 1217 1912 csse
1235 1846 1372 1913 videba-

331 1961 396 2028 tur,
424 1949 686 2035 scribendumque
710 1972 781 2015 esse
803 1948 987 2035 suspicabar
1012 1958 1066 2014 aut
1087 1954 1153 2015 τῶν
1178 1950 1369 2036 γνωμιδίων

330 2050 509 2120 ἀπολεῖται
526 2037 580 2119 ant
597 2058 663 2119 τῶν
678 2057 817 2139 γνωμῶν
835 2050 1055 2146 ἐξαπολεῖται.
1093 2049 1160 2118 Sed
1172 2053 1269 2119 video
1284 2077 1371 2120 nnnc

332 2157 451 2223 servari
471 2179 567 2244 posse
589 2156 705 2221 editam
729 2155 931 2244 scripturam,
954 2155 1048 2221 modo
1071 2164 1154 2221 recte
1175 2155 1278 2223 verba
1296 2181 1370 2223 con-

330 2262 515 2347 iungantur,
538 2255 606 2326 ὖπὸ
628 2263 694 2326 τῶν
717 2264 854 2344 γνωμῶν
876 2253 1067 2336 ἀπολεῖται,
1092 2252 1205 2346 ὥσπερ
1229 2257 1290 2327 ὑπ’
1314 2256 1369 2327 ἇν-

328 2368 465 2451 θρηνιῦν
481 2361 698 2446 κεντούμενος.
738 2362 778 2427 In
792 2372 942 2446 sequente
959 2384 1055 2428 versu
1067 2361 1267 2430 Biichelerus
1293 2365 1369 2430 scri·

331 2466 471 2532 bendum
489 2466 621 2532 coniecit
634 2471 689 2532 νῦν
704 2464 847 2547 δείξειόν
861 2488 915 2532 τοι
928 2465 1068 2547 πισύνω,
1088 2488 1146 2553 pro
1159 2462 1206 2533 τιὸ
1220 2467 1367 2535 πισύνω.

330 2569 466 2635 Rectum
488 2579 573 2635 esset
594 2579 626 2634 et
647 2567 872 2655 Aristophanis
895 2569 1024 2636 dictioni
1045 2579 1297 2636 consentaneum
1314 2576 1369 2638 νύν

330 2669 371 2758 δή
391 2671 533 2752 δείξετον
550 2670 690 2752 πισύνω,
710 2680 748 2737 ut
763 2671 878 2738 Ecclea
892 2672 966 2740 571.
984 2678 1040 2740 νύν
1059 2670 1098 2761 δή
1117 2672 1171 2739 δεῖ
1186 2697 1223 2739 σε
1241 2672 1368 2762 πυκνήν

330 2779 437 2864 φρένα
462 2774 519 2839 καὶ
543 2772 733 2861 φιλόσοφον
759 2772 903 2862 ἐγείρειν.
948 2776 1088 2864 Lysistr.
1117 2778 1212 2843 1108.
1245 2776 1303 2844 δεῖ
1327 2776 1365 2864 δή

329 2882 401 2945 νυνί
418 2901 455 2945 σε
472 2880 630 2963 γενέσθαι
648 2876 764 2964 δεινήν.
808 2877 893 2963 Equ.
912 2879 986 2945 526.
1009 2885 1064 2947 νῦν
1083 2876 1122 2966 δῆ
1141 2881 1194 2946 δεῖ
1208 2906 1245 2947 τι
1263 2882 1366 2967 λέγειν

329 2979 448 3047 δεινόν.
490 2979 683 3065 Thesmoph.
704 2980 777 3047 776.
796 2986 852 3048 νῦν
870 2978 909 3068 δή
926 2977 1076 3070 ’γχειρεῖν
1093 2978 1180 3066 ὑμᾶς
1198 2980 1284 3072 ἔργῳ
1303 3008 1366 3050 πσ-

329 3089 416 3172 ρίμῳ
433 3081 505 3170 χρή.
549 3082 595 3147 Et
612 3082 658 3148 sic
676 3094 864 3162 constanter,
883 3107 1043 3169 nunquam
1061 3091 1118 3152 νῦν
1134 3110 1198 3152 τοι.

742 3286 792 3341 Vs.
811 3286 871 3341 965.
889 3288 949 3341 972.

364 3390 421 3463 εἶπ’
439 3382 481 3460 αὖ
499 3359 692 3479 προμαθεῖν
711 3380 787 3478 ᾆσμ’
804 3389 972 3459 ἐδίδασκεν
989 3390 1037 3459 τιὸ
1057 3390 1151 3483 μηρώ
1170 3391 1215 3482 μή
1236 3396 1328 3476 ξυνί-

927 3520 1055 3579 χοντας.

391 3617 542 3682 Fortasse
560 3623 645 3679 recte
662 3612 858 3680 Biichelerus
884 3617 1017 3681 correxit
1042 3615 1225 3698 ἐδίδασκον,
1254 3641 1364 3704 quam-

326 3740 424 3802 quam
441 3739 501 3782 ncc
519 3714 687 3782 ἐδίδασκεν
708 3715 868 3802 displicet,
891 3717 957 3783 scil.
978 3714 995 3784 ὁ
1016 3718 1229 3800 διδάσκαλος,
1253 3745 1364 3806 quern-

329 3820 499 3885 admodum
512 3841 537 3884 e.
547 3840 573 3883 o.
587 3816 765 3905 ἐσάλπιγξε
774 3820 887 3884 dicitur
902 3843 943 3886 sc.
959 3815 977 3886 δ
993 3822 1207 3910 σαλπιγκτής.
1236 3824 1361 3891 Certius

329 3931 379 3987 est
395 3944 442 3986 vs.
462 3921 535 3985 975,
560 3916 615 3986 εἶτ’
633 3910 673 3986 αὖ
696 3921 799 3989 πάλιν
818 3911 921 4002 αὖθις
940 3917 1155 4009 ἀνιστάμενον
1174 3933 1360 4014 συμψῆσαι,

327 4046 392 4088 non
409 4022 628 4107 corrigendum
646 4047 727 4104 esse,
745 4035 780 4089 ut
797 4024 897 4090 voluit
913 4025 1122 4107 Biichelerus‚
1141 4024 1198 4095 εἶπ’
1215 4020 1257 4096 αὖ
1276 4029 1362 4096 κόνιν

327 4115 430 4202 αὖθις
451 4162 493 4172 -
516 4131 701 4211 συμψῆσαι.
745 4125 800 4192 Ad
822 4133 998 4216 συμψῆσαι
1021 4131 1248 4198 assumendum
1273 4156 1292 4199 e
1316 4155 1362 4199 se-

325 4224 495 4313 quentibus
509 4225 645 4293 εἴδωλον
659 4223 750 4315 ήβης,
770 4232 949 4297 conturbare
960 4236 1174 4319 μαιίενιιίοναινι
1187 4238 1361 4322 ίοναμίπιννι.
