2859 4909
292 367 354 435 106
744 382 867 439 Avus.

290 524 456 612 λαμπροῖς
474 523 621 603 δείπνοις
639 521 793 609 δεξόμεθ’
813 518 907 609 ὑμᾶς.
956 523 1132 608 Sequentes
1149 544 1268 588 versus
1287 520 1333 587 ita

292 626 387 715 vulgo
405 627 554 693 eduntur:
1168 639 1172 648 '

365 761 474 843 αἰετὸς
492 762 525 831 έν
542 767 698 855 νεφέλῃσι
714 766 879 853 γενήσεαι*
901 764 938 832 αἰ
956 766 993 833 δέ
1009 790 1045 833 κε
1061 762 1105 852 μὴ
1125 765 1201 852 δῷς,

366 865 424 936 οὐκ
442 866 511 937 ἔστι
529 866 568 936 οὗ
586 866 712 959 τρνγιὺν
731 865 804 937 οὐδ’
821 866 930 949 αἰετὸς
949 866 986 936 οὗ
1006 869 1249 956 δρυκολάπτης.

291 1006 364 1073 Non
398 1017 483 1073 recte
517 1007 598 1073 haec
627 1007 712 1073 dieta
743 1031 827 1086 esse,
862 1007 913 1074 his
944 1008 1098 1095 exemplis
1127 1008 1329 1095 intelligitur.

292 1110 378 1176 Plut.
403 1111 476 1177 139.
509 1105 548 1177 οὗ
574 1115 655 1196 βοῦν
682 1107 722 1178 ἂν
750 1107 823 1194 οὐχὶ
848 1107 995 1198 ψαιστὸν
1022 1109 1080 1179 οὐκ
1105 1107 1174 1178 ἄλλ’
1202 1107 1328 1178 οὗδεέν.

291 1214 368 1281 ibid.
397 1215 490 1281 1114.
523 1210 562 1282 οὗ
595 1211 776 1300 λιβανωτὸν
807 1211 845 1280 οὗ
874 1214 1002 1304 δάφνην
1027 1210 1065 1282 οὗ
1092 1211 1243 1301 ψαιστὸν
1272 1211 1331 1295 οὐχ

294 1317 421 1407 ἱερεῖον.
465 1316 531 1383 Av.
558 1319 653 1385 1133.
686 1313 724 1385 οὗ
751 1318 985 1407 πλινθοφόρος
1012 1314 1050 1385 οὗ
1077 1316 1264 1406 λιδοοργὸς
1291 1312 1328 1382 οὗ

291 1425 411 1488 τέκτων
433 1427 552 1511 παρῆν.
596 1420 652 1487 Ad
673 1422 787 1487 horum
807 1422 905 1510 igitur
927 1422 1143 1510 exemplorum
1169 1443 1329 1498 normam,

292 1547 374 1610 quae
395 1524 489 1591 facile
510 1524 654 1611 pluribus
677 1526 786 1613 augeri
807 1535 954 1612 possunt,
978 1524 1200 1613 corrigendum
1219 1525 1330 1590 existi·

292 1650 411 1694 marem
428 1636 463 1692 nt
480 1627 562 1694 ,fecit
578 1628 751 1707 Frankius,
775 1623 833 1695 οὐκ
855 1624 966 1708 άετός,
989 1628 1050 1696 nisi
1072 1629 1196 1714 aquilae
1219 1619 1329 1692 nullus

290 1729 344 1795 hio
365 1731 453 1797 locus
476 1740 575 1810 esset3
603 1742 747 1818 apertum
773 1733 857 1797 enim
880 1742 929 1798 est
949 1733 1066 1817 requiri
1088 1732 1159 1798 vilis
1182 1730 1329 1798 oviculae

279 1855 421 1918 nomen,
445 1832 532 1917 quod
554 1834 608 1918 qui
629 1833 784 1901 intellexit
800 1834 970 1902 Dobraeus
991 1836 1075 1901 iusto
1094 1835 1249 1901 audacius
1270 1828 1329 1899 οὐκ

292 1931 436 2020 ἀμπελὶς
454 1936 597 2003 coniecit.
642 1937 803 2023 Equidem
820 1938 967 2025 praetuli:

377 2069 436 2140 οὐκ
454 2071 524 2141 ἔσει
541 2069 579 2140 οὗ
598 2072 725 2163 τραγὼν
743 2070 782 2142 οὗ
801 2075 896 2155 λάϊος
913 2072 952 2142 οὐ
972 2076 1210 2164 δρυκολάπτης.

291 2212 330 2278 ld
347 2211 480 2299 pusillae
497 2213 566 2278 avis
583 2211 743 2300 κοσσάφῳ
762 2214 938 2280 simillimae
960 2238 1076 2281 nomen
1094 2226 1152 2282 est.
1198 2215 1327 2280 Aristo·

291 2315 369 2383 teles
395 2316 441 2384 H.
468 2316 511 2381 A.
538 2316 606 2396 IX,
636 2318 686 2382 19.
715 2310 832 2400 ὅμοιος
857 2323 905 2405 τῷ
929 2320 1046 2402 μέλανι
1071 2318 1226 2407 κοττάφφ
1256 2315 1325 2385 ἐστὶ

290 2417 403 2499 λάῑος,
439 2418 479 2487 τὸ
513 2424 658 2506 μέγεθος
691 2426 797 2508 μικρῷ
834 2417 995 2487 έλάττων·
1032 2410 1128 2501 οὗτος
1164 2419 1224 2488 ἐπὶ
1259 2427 1324 2488 τιῦν

290 2529 421 2613 πετρῶν
442 2525 498 2589 καλ
525 2520 584 2590 ἐπὶ
608 2528 674 2589 τῶν
700 2523 851 2611 κεράμιον
877 2521 938 2604 τὰς
964 2522 1137 2614 διατριβὰς
1162 2536 1323 2600 ποιεῖται,

288 2624 327 2694 τὸ
356 2627 393 2694 δέ
420 2627 537 2717 ῥύγχος
564 2623 602 2693 οὐ
630 2632 801 2716 φοινικοῦν
828 2625 894 2710 ἔχει
919 2628 1076 2717 καθάπερ
1105 2624 1321 2715 δκόττοφος.

289 2730 473 2796 Antoninus
490 2730 601 2797 Liber.
619 2729 753 2797 Metam.
775 2730 826 2796 19.
846 2731 902 2796 καὶ
921 2726 939 2797 δ
957 2728 1039 2810 Ζεὺς
1055 2730 1184 2810 πάντας
1203 2726 1323 2807 αὐτοὺς

290 2830 445 2921 έποίησεν
459 2877 462 2880 1
476 2829 634 2919 δρνιθας,
669 2835 725 2899 καὶ
757 2831 844 2900 ἔστιν
875 2831 912 2914 έξ
941 2830 1049 2901 αὐτῶν
1074 2830 1114 2901 τὸ
1140 2838 1233 2921 γένος
1258 2838 1323 2900 τάν

291 2934 430 3017 οἰωνῶν,
463 2935 556 3003 λάῐοι
585 2939 642 3003 καὶ
666 2937 794 3002 κολοιοὶ
820 2939 875 3003 καὶ
901 2941 1050 3024 κέρβεροι
1076 2940 1132 3004 καὶ
1158 2937 1321 3025 αλγιάλιοι.

288 3039 435 3106 Eandem
457 3040 613 3105 aviculam
639 3035 809 3107 δπολαλδα
835 3040 952 3105 dietam
979 3064 1050 3107 esse
1075 3041 1194 3107 indicat
1215 3041 1323 3126 Hesy-
1380 3043 1383 3049 ’

289 3142 380 3208 chius
403 3138 594 3222 Ὺπολαΐς·
627 3138 715 3230 δ’ρνις
741 3169 792 3222 τις
818 3148 884 3210 τῶν
911 3143 1187 3232 σκωληκοφάγων.
1232 3145 1322 3210 Idem

285 3241 479 3334 Ὑποληΐς·
517 3242 605 3325 εἶδος
632 3241 789 3333 ὄρνιθος·
825 3242 847 3334 ἢ
874 3242 1026 3325 δπολαΐς.
1072 3246 1225 3313 Ceterum
1250 3269 1322 3334 per-

288 3347 391 3413 facilis
410 3360 459 3415 est
477 3349 665 3414 emendatio.
690 3356 875 3416 ΟΥΛΑΙΘΣ
892 3351 924 3414 in
941 3357 1122 3418 ΟΥΔΑΙΟΣ
1141 3363 1322 3437 corruptum

289 3451 412 3536 peperit
431 3459 679 3520 ΘΥΔΑΙΕΤΟΣ.

743 3672 793 3728 Vs.
810 3673 870 3726 991.

428 3790 542 3861 οὔκουν
561 3793 700 3883 ἑτέρωσε
716 3790 995 3882 χρησμολογήσεις
1014 3794 1178 3882 ἐκτρέχων.

354 3923 470 3991 Merito
491 3930 623 3995 offendit
643 3932 862 3997 Hamakerum
887 3929 1058 4018 ἐκτρέχων,
1085 3934 1138 3999 oui
1159 3934 1213 4000 ille
1238 3931 1321 4001 άπο-

288 4030 410 4111 τρέχων
436 4029 606 4098 substituit.
654 4032 739 4098 Mihi
761 4044 824 4100 ΕΚ
837 4059 878 4086 =
894 4041 970 4101 EIO
993 4036 1072 4101 nihil
1099 4059 1171 4103 esse
1199 4039 1321 4103 videtur

288 4128 350 4192 nisi
375 4130 518 4213 repetitio
540 4135 862 4217 praecedentum,
890 4138 974 4203 unde
1002 4139 1169 4225 scripsisse
1195 4152 1320 4228 poetam

289 4230 426 4297 oonioias
454 4234 707 4319 χρημολογήσων
735 4233 767 4302 ελ
791 4244 922 4324 τρέχων.
978 4241 1046 4307 cfr.
1073 4241 1217 4309 Acharn.
1246 4243 1317 4310 828.
