2859 4909
323 413 326 416 ·
415 376 791 436 ECCLESIAZUSAE.
1060 369 1126 435 189

100 520 285 608 intelligitur3
303 520 420 585 etenim
438 520 631 606 glossemate
648 516 705 586 ula
725 514 812 586 οἶνον
829 518 930 598 illato,
949 531 984 586 ut
1001 522 1124 608 reliqua

102 625 135 690 ad
150 624 278 689 trimetri
295 623 400 710 legem
417 621 630 688 conformaret
642 621 856 709 interpolator,
874 645 932 709 pro
946 622 1123 708 ἒμπίνουοι

103 726 245 794 scribebat
262 722 394 814 φιλοῦᾶ
414 736 446 792 et
464 721 578 816 ὥσπερ
595 747 653 812 pro
672 720 787 815 ὥσπερ
805 730 871 794 καί.
917 724 1047 815 Optime
1065 752 1125 795 au-

102 841 155 896 tem
171 830 249 895 dixit
266 827 476 914 ἐμπίνουσιν,
499 830 585 915 quod
601 829 715 895 fortius
734 839 781 894 est
800 828 941 915 simplice
959 836 1123 911 πίνουσιν,
1148 917 1151 922 ¹

103 936 281 1021 ιἰιρυνρὶεοιιο
307 956 339 999 aa
359 955 493 1009 meraco,
520 941 556 997 ut
577 933 610 997 in
631 932 686 997 illo
707 931 893 1018 Epicharmi
915 935 1000 1020 apud
1021 935 1124 1001 Athe-

104 1059 204 1103 naeum
221 1036 300 1105 Vll.
318 1059 350 1123 p.
369 1035 444 1101 236.
464 1059 492 1101 a.
516 1032 626 1102 πολλὰ
644 1032 844 1122 καταφυγών
865 1032 961 1103 πόλλ’
982 1035 1124 1121 opacata,

105 1150 129 1204 et
144 1162 232 1227 saepe
250 1138 339 1205 alias.
384 1137 574 1222 Quaesitum
595 1138 725 1204 memini
748 1162 768 1203 a
789 1140 1018 1225 grammaticis,
1043 1164 1125 1227 quae

104 1244 215 1330 propria
235 1243 269 1309 in
286 1242 348 1309 hoo
366 1241 463 1308 verbo
481 1241 562 1306 etin
580 1238 740 1329 ἐμφαγεῖν
757 1242 806 1308 vis
825 1242 865 1308 sit
882 1244 1126 1329 praepositionis

105 1344 140 1412 ἓν.
179 1346 244 1412 Res
273 1346 391 1433 optime
417 1344 593 1432 explicatur
617 1345 798 1432 germanico
824 1345 862 1410 in
889 1345 970 1411 sich
995 1345 1125 1412 hinein

105 1471 216 1531 essen,
249 1448 415 1528 trinken,
452 1470 533 1533 quae
559 1448 635 1513 item
662 1448 843 1534 cupiditatis
871 1458 902 1514 et
928 1472 1004 1515 vero
1030 1450 1126 1515 etiam

104 1551 300 1619 festinationis
321 1552 481 1618 notionem
504 1550 684 1617 adiunctam
706 1550 839 1630 habent,
861 1550 901 1618 de
924 1574 986 1636 qua
1008 1553 1127 1639 optime

105 1657 238 1743 exposuit
256 1654 399 1722 Cobetus
417 1655 503 1722 V.L.
522 1677 554 1740 p.
573 1653 625 1721 65.

155 1760 195 1825 In
212 1758 324 1843 eadem
338 1757 541 1845 Praxagorae
560 1757 699 1823 oratione
716 1780 781 1824 non
797 1758 891 1845 plone
909 1768 1032 1826 constat
1049 1760 1128 1825 mihi

76 1907 77 1910 κ
104 1862 169 1946 quid
185 1886 234 1929 vs.
253 1862 327 1927 231.
351 1860 530 1947 significent
551 1859 650 1926 verba
672 1855 740 1926 ἀλλ’
761 1857 859 1948 ἁπλῷ
882 1862 999 1951 τρόπῳ
1023 1862 1127 1948 ἐῶμεν

104 1960 216 2051 ἄρχειν,
240 1964 327 2050 quod
347 1964 454 2030 nescio
477 1984 573 2048 quam
590 1973 674 2029 recte
692 1967 866 2031 omnimodo
883 1965 1130 2052 interpretantur

103 2069 199 2135 critici.
244 2067 364 2155 Aptius
394 2066 473 2132 mihi
502 2067 544 2132 ad
575 2067 762 2133 sententiam
794 2090 865 2134 esse
895 2055 1066 2145 videretur,
1100 2070 1128 2134 si

103 2172 225 2239 dixisset
246 2164 342 2258 poeta
362 2195 417 2236 suo
439 2173 529 2236 modo
552 2193 603 2235 aaa
625 2171 713 2235 cobis
737 2173 888 2257 imperare
913 2174 1065 2250 ειίιοννιιιε,
1092 2183 1128 2237 ut

103 2298 193 2361 poene
220 2270 329 2341 αὖτιῦν
354 2271 471 2359 τρόπῳ
499 2271 701 2339 scribendum
728 2294 798 2339 esse
825 2274 975 2361 suspicer.
1030 2272 1129 2341 Com-

104 2379 243 2444 mendare
269 2378 332 2443 hoc
361 2376 509 2442 videntur
539 2398 621 2461 quae
651 2376 793 2462 proxime
825 2377 1015 2443 antecedunt
1044 2377 1128 2464 μηδὲ

105 2480 354 2565 πυνθανώμεθα
371 2483 405 2545 τί
421 2474 499 2546 ποτ’
520 2474 586 2566 ἄρα
604 2478 684 2565 δρᾶν
700 2479 886 2563 μέλλουσιν.
932 2479 999 2547 Sed
1021 2477 1129 2563 ἐπέχω

105 2585 292 2668 aliorumque
309 2582 461 2648 iodicium
479 2591 622 2669 expecto.
633 2580 667 2666 ⁴⁶)

547 2786 596 2840 Vs.
616 2786 676 2839 279.

565 2882 601 2956 εὖ
620 2892 739 2978 λέγεις·
757 2888 852 2979 ἡμεῖς
870 2892 907 2959 δέ
923 2918 960 2981 γε

224 2998 396 3084 προΐωμεν
415 2989 539 3060 αὐτῶν·
557 2992 692 3080 καὶγὰρ
712 2992 825 3079 ἑτέρας
844 2996 959 3081 οἴομαι

226 3098 345 3166 ἐκτῶν
364 3093 473 3185 ἀγρῶν
492 3095 525 3175 ἐς
541 3093 599 3184 τὴν
617 3093 710 3164 πύκν’
726 3092 815 3184 ἥξειν
833 3093 992 3187 ἄντικρυς.

161 3221 235 3287 Non
258 3229 388 3306 apparet
411 3241 474 3304 quo
496 3217 652 3304 pertineat
675 3214 800 3301 αὗιιῦν,·
827 3220 867 3286 sd
889 3221 1023 3287 rusticas
1050 3222 1135 3298 illas,

108 3323 208 3404 dices,
232 3344 312 3408 quas
339 3321 373 3386 in
401 3320 606 3406 sequentibus
633 3332 858 3388 commemorat
884 3333 916 3388 et
942 3323 1132 3390 adventuras

107 3448 168 3493 esse
192 3426 371 3513 suspicatur
393 3423 586 3510 Praxagora.
630 3423 779 3491 Asmira
799 3434 905 3491 tamen
923 3425 1002 3492 haec
1020 3437 1069 3494 est
1086 3428 1138 3493 di·

108 3530 191 3596 cendi
211 3529 292 3595 ratio
314 3539 345 3594 et
371 3528 440 3594 vitii
467 3537 625 3613 suspecta.
670 3527 820 3594 Fortasse
847 3529 1014 3617 scripserat
1039 3541 1134 3618 poeta

107 3627 192 3718 ἡμεῖς
211 3633 301 3719 (λέγε
319 3632 489 3715 προΐωμεν
507 3626 632 3696 ἆοτοί.
676 3631 796 3700 Notum
814 3641 862 3696 est
879 3632 1136 3716 frequentissimo

109 3757 203 3802 errore
231 3733 383 3801 confundi
409 3729 509 3812 αὐτὸς
531 3744 562 3797 et
589 3728 704 3811 ἀστός,
731 3735 837 3819 itaque
865 3735 892 3799 si
918 3737 1044 3820 quando
1071 3730 1134 3805 υοῖ

110 3839 253 3926 scriptum
284 3848 365 3915 erat,
399 3837 492 3903 focile
519 3835 552 3900 id
582 3836 614 3900 in
646 3841 715 3902 ευτ’
738 3838 758 3902 i.
787 3859 814 3902 e.
843 3831 951 3905 αὐτῶν
978 3842 1138 3927 corrumpi

109 3944 211 4025 potuit.

110 4089 317 4100 *-

171 4165 200 4236 ³⁶)
217 4162 423 4219 Recentissima
441 4167 535 4217 aetate
554 4160 699 4217 Nauckius
713 4161 838 4217 Bulletin
853 4162 888 4218 de
906 4163 1024 4219 l‘Acad.
1040 4164 1074 4220 de
1093 4163 1139 4219 St.

110 4245 300 4321 Petersbourg.
315 4249 396 4304 Tom.
406 4248 458 4304 VI.
468 4266 495 4319 p.
506 4248 547 4302 30.
559 4244 641 4316 ἁπλῷ
650 4245 724 4321 λόγῳ
735 4248 863 4304 coniecit.
