2859 4909
701 374 863 432 Reuss.

717 511 769 570 vs.
787 512 848 568 606

432 611 452 683 ό
470 616 614 696 Διτύλας
628 612 678 700 χώ
696 616 863 702 Σκεβλύας
880 618 936 683 καὶ
952 616 1127 704 Παρδόκας

424 731 562 806 χωρεῖτε
581 721 672 809 δευρὶ
689 720 746 786 καὶ
761 718 913 805 μάχεσθε
930 725 1062 808 τουτῳί.

199 881 210 902 .
327 840 457 909 Aeacus
475 861 549 907 cum
566 839 691 908 duobus
710 838 899 909 satellitibus
916 841 951 907 in
968 863 1096 908 scenam
1114 850 1307 927 proruperat

264 967 382 1031 eosque
403 942 596 1022 Xanthiam
619 941 759 1030 Dionysi
780 942 891 1011 habitu
911 943 1071 1022 indutum,
1094 945 1213 1010 vincire
1236 945 1310 1011 ius-

264 1058 358 1115 serat.
402 1046 457 1112 En
474 1045 577 1116 subito
601 1056 663 1112 tres
685 1046 855 1131 prodeunt,
879 1068 961 1132 quae
984 1048 1112 1133 quidem
1132 1070 1185 1116 res
1212 1057 1308 1139 tanto

264 1148 475 1218 difficiliorem
496 1147 687 1236 explicatum
709 1149 820 1229 habet,
844 1172 918 1216 cum
938 1150 1059 1236 priores
1076 1150 1122 1217 illi
1138 1161 1171 1216 et
1188 1150 1255 1236 ipsi
1271 1150 1307 1215 in

266 1276 362 1321 scens
378 1264 562 1339 praesentes
580 1251 696 1324 adsint.
733 1250 806 1319 Non
823 1252 966 1319 dubitavi
984 1253 1094 1326 tollere
1110 1254 1170 1320 hos
1187 1275 1306 1320 versus

264 1380 306 1424 ex
323 1355 386 1423 slia
402 1353 530 1422 fabulae
546 1354 731 1427 recensione
749 1364 903 1422 servatos.
947 1355 1057 1423 Aliam
1075 1357 1160 1422 viam
1177 1355 1307 1422 Hama-

263 1461 362 1527 kerus
379 1459 543 1545 ingressus
561 1468 625 1537 est,
643 1458 699 1543 qui
715 1457 853 1545 primum
870 1481 998 1525 versum
1015 1470 1087 1525 ante
1106 1458 1179 1526 605.
1198 1468 1307 1525 trans-

264 1563 368 1652 ponit,
391 1561 525 1628 nlterum
543 1559 641 1639 delet,
665 1584 713 1629 vs.
733 1561 813 1642 606,
836 1584 877 1628 ne
895 1562 998 1629 dualis
1016 1558 1150 1629 ἀνύετον
1166 1562 1306 1649 impedi-

265 1675 371 1733 mento
394 1663 449 1742 sit,
477 1657 535 1729 ούκ
557 1657 703 1731 ἆνύσαθ’
728 1664 857 1753 corrigit
880 1673 912 1731 et
932 1688 980 1759 ys.
1004 1665 1078 1732 607.
1103 1664 1144 1733 ob
1167 1665 1305 1731 eandem

266 1789 396 1834 causam
416 1765 554 1831 indicata
576 1765 670 1832 unius
692 1766 836 1855 syllabae
856 1768 972 1834 lacuna
988 1767 1149 1856 πρόσιτον
1166 1769 1306 1834 mutavit

264 1872 299 1938 in
321 1864 465 1960 nodocr'.
508 1866 603 1933 Haeo
625 1870 793 1937 omniane
815 1871 978 1937 minimam
1005 1871 1134 1957 quidem
1159 1872 1304 1938 veritatis

266 1973 404 2062 speciem
425 1970 557 2052 habent;
581 1982 690 2039 contra
712 1971 845 2041 sublatis
867 1974 929 2044 illis
952 1976 1096 2042 versibus
1119 1975 1188 2062 ipse
1210 1975 1305 2041 vides

265 2099 362 2165 quam
377 2087 463 2145 recte
481 2075 586 2142 omnia
603 2076 785 2163 precedant.

719 2211 769 2269 Vs.
788 2213 848 2268 611.

330 2320 512 2386 κλέπτοντα
530 2313 617 2407 πρὸς
633 2313 828 2405 πόλλότρια;
870 2327 929 2387 ΑΙ.
951 2314 1051 2402 μάλλ’
1068 2314 1236 2406 ὑπερφυᾶ.

330 2429 458 2491 ΞΑΝΘ.
481 2421 613 2503 σχέτλια
629 2420 689 2505 μὲν
707 2409 836 2487 οὖνκαὶ
855 2420 956 2489 δεινά.

329 2531 441 2610 Verba
462 2536 561 2625 μάλλ’
582 2536 740 2629 ύπερφυᾶ
761 2548 845 2607 reete
867 2540 1037 2608 Dobraeus
1059 2540 1223 2607 Xanthiae
1247 2541 1304 2607 ad-

267 2655 374 2731 empta
400 2646 509 2710 Aeaco
536 2643 691 2723 attribuit;
727 2654 760 2709 at
791 2645 955 2729 sequentia
985 2646 1118 2727 σχέτλια
1147 2645 1207 2728 μὲν
1235 2636 1302 2722 σύν,

265 2769 348 2832 quae
369 2733 472 2812 Aeaci
493 2756 596 2823 erant,
624 2746 794 2813 Dobraeus
817 2758 923 2813 autem
944 2770 1017 2814 cum
1039 2747 1201 2814 codicibus
1222 2770 1303 2814 non·

265 2848 361 2914 nullis
378 2847 526 2936 Dionyso
543 2849 733 2936 assignavit,
756 2871 817 2937 ego
833 2850 996 2916 Xanthiae
1013 2850 1207 2929 continuavi,
1226 2872 1304 2917 con·

267 2950 391 3018 cedenti
411 2950 552 3036 pessima
573 2973 719 3038 quaeque
743 2952 803 3018 sibi
824 2953 901 3019 vitio
924 2953 1007 3032 dari,
1035 2964 1067 3020 at
1087 2953 1166 3019 nihil
1187 2953 1302 3018 horum

267 3053 408 3122 omnium
430 3076 465 3120 se
486 3065 684 3142 perpetrasse
707 3055 886 3122 affirmanti.
930 3056 982 3121 Ita
1003 3056 1102 3121 multo
1119 3056 1236 3122 rectius
1254 3057 1303 3121 in·

268 3158 367 3225 stituti
386 3156 534 3243 colloquii
550 3158 631 3224 ratio
647 3158 799 3243 procedit.
844 3156 1010 3245 Dionysus
1028 3158 1161 3223 dixerit:
1195 3180 1301 3224 nonne

266 3261 398 3349 indigna
418 3283 470 3327 res
495 3271 557 3340 est,
584 3261 680 3327 istum
703 3261 782 3327 alios
804 3261 969 3328 verberare
994 3262 1048 3346 qui
1074 3261 1177 3327 aliena
1202 3261 1303 3327 furari

267 3365 484 3432 consueverit?
509 3365 565 3430 Ad
579 3387 660 3450 quac
674 3363 851 3429 Xanthias:
870 3364 934 3429 imo
947 3387 1011 3430 non
1028 3374 1151 3430 tantum
1168 3363 1302 3452 indigna

266 3493 318 3536 res
345 3482 408 3549 cst,
436 3467 494 3535 sed
519 3491 645 3534 omnem
673 3467 803 3533 modum
829 3465 967 3546 excedit3
998 3468 1086 3552 atqui
1109 3467 1137 3532 si
1159 3489 1301 3553 unquam

267 3594 328 3660 ego
346 3571 408 3639 huc
426 3571 511 3650 veni,
531 3571 575 3636 ita
591 3593 643 3636 me
661 3568 739 3636 deus
758 3569 857 3648 iuvet,
877 3570 975 3635 emori
992 3570 1074 3636 volo.

718 3704 768 3760 Vs.
788 3703 847 3759 664.
931 3706 933 3712 ’

328 3820 366 3875 Δ.
393 3810 566 3878 Πόσειδον.
609 3822 648 3877 Ξ.
675 3805 812 3897 ἤλγησέν
829 3832 889 3886 εις.

327 3920 365 3977 Δ.
394 3910 431 3989 ὃς
454 3911 585 3998 αἷγαίσν
608 3919 744 4001 πρῶνας
765 3907 787 4000 ἢ
808 3913 949 3999 γλαυκᾶς
970 3912 1082 3996 μέδεις
1104 3908 1183 3991 ἁλὸς
1206 3910 1239 3978 ἐν
1296 3971 1299 3976 ,

824 4018 990 4100 βένθεσιν.

330 4115 403 4182 Non
421 4114 570 4181 credibile
587 4116 666 4181 mihi
683 4116 808 4182 videtur
824 4117 911 4202 quod
923 4116 1109 4186 Dindorfius
1126 4128 1298 4204 praeeunte

265 4219 452 4286 Hermanno
467 4218 584 4297 statuit,
604 4217 707 4284 verbis
724 4214 803 4296 ἁλός
816 4216 848 4284 ἒν
860 4223 1015 4302 βένθεσιν
1028 4219 1151 4305 impleri
1169 4242 1298 4286 versum
