2859 4909
529 429 711 489 VESPAE.
1095 420 1139 486 27

117 573 149 638 in
168 592 225 657 quo
243 594 295 637 sos
313 592 372 658 pro
393 595 453 655 μοι
475 568 677 637 scribendum
699 573 857 659 suspicor,
884 572 1023 641 fortasse
1043 574 1139 641 unius

119 697 218 741 versus
241 674 351 739 lacuna
376 674 546 740 indicanda
572 685 635 754 est,
662 675 726 740 nisi
752 675 870 742 suffieit
895 676 1053 766 corrigere
1079 672 1140 744 οὐκ

120 773 186 845 ἔσθ’
201 772 288 857 ὅπως
306 772 339 844 δ’
357 771 418 859 οόχ
433 772 576 867 ἡμερῶν.
743 783 744 792 ’

554 930 605 987 Vs.
623 929 683 986 334.

203 1103 205 1106 .
324 1039 377 1113 τίς
392 1033 456 1122 μόρ
475 1030 549 1103 ἐσθ’
566 1030 584 1102 ό
602 1033 708 1103 ταῦτά
728 1032 757 1104 α’
773 1035 892 1125 εἰὶομαιι

323 1132 521 1227 κάποκλῄων
539 1144 579 1227 τῇ
597 1139 707 1228 θύρας

176 1257 397 1345 Comprecatus
416 1267 484 1324 erat
501 1283 520 1324 a
537 1259 615 1326 Iove
632 1258 811 1339 Philocleo,
829 1270 865 1325 ut
883 1281 917 1326 se
935 1268 989 1325 aut
1006 1257 1140 1324 fulmine

119 1370 254 1427 sterneret
271 1372 326 1428 aut
343 1361 377 1427 in
397 1361 536 1449 lapidem
553 1372 703 1443 mutaret,
726 1362 768 1429 ad
785 1385 867 1448 quae
884 1385 948 1429 non
964 1361 1139 1449 intelligere

119 1486 162 1529 me
177 1465 272 1530 fateor
288 1485 353 1550 quo
370 1477 464 1551 pacto
482 1489 502 1531 a
518 1465 615 1532 choro
632 1489 672 1533 ea
691 1465 876 1553 responderi
897 1464 1035 1553 possint,
1057 1485 1139 1549 quae

120 1591 203 1654 supra
218 1567 382 1654 adscripsi.
423 1567 531 1652 Quare
548 1569 770 1662 corrigendum
787 1569 897 1658 putavi
913 1574 965 1649 τίς
981 1568 1044 1656 γάρ
1063 1561 1138 1634 ἐσθ’

553 1807 604 1864 Vs.
621 1807 682 1864 365.

403 1907 487 1979 ἀλλὰ
504 1912 560 1979 καὶ
577 1917 633 1980 νῦν
652 1910 805 2000 ἐκπόριζε

402 2012 548 2104 μηχανὴν
566 2009 662 2095 ὅπως
678 2015 828 2099 τάχιοτα.

167 2133 236 2200 Non
257 2135 435 2222 praefracte
457 2137 640 2223 negaverim
660 2135 706 2203 ita
728 2158 792 2201 non
815 2135 980 2223 scripsisse
1000 2144 1139 2221 poetam,

114 2248 343 2305 verumtamen
372 2260 471 2325 quum
495 2238 659 2306 Philocleo
686 2239 783 2305 choro
809 2237 888 2317 doli,
914 2260 979 2323 quo
1004 2235 1079 2304 olim
1107 2236 1140 2301 in

115 2339 186 2407 Naxi
197 2340 362 2409 obsidione
377 2365 411 2409 se
425 2343 618 2429 surripuerit,
637 2341 821 2409 memoriam
834 2340 995 2408 revocanti
1008 2361 1142 2425 respon·

115 2443 216 2524 disset,
237 2444 334 2534 longe
357 2446 451 2512 aliam
474 2456 541 2512 tum
559 2445 660 2513 fuisse
677 2468 782 2512 rerum
800 2443 1026 2521 conditionem,
1049 2464 1140 2529 aper-

116 2556 173 2614 tum
193 2570 264 2616 esse
284 2549 410 2637 opinor,
439 2549 570 2616 chorum
597 2548 710 2616 melius
734 2570 806 2615 esse
831 2569 1058 2635 responsurum
1083 2568 1141 2633 ape

117 2652 210 2739 ipitar,
246 2676 359 2719 ιιοοοιο
389 2656 526 2740 occupito
556 2654 679 2733 όοῖαοι,
718 2646 801 2717 όιλλᾶ
827 2647 962 2739 καινὴν
988 2646 1140 2735 ἐκπόριζε

117 2755 255 2843 μηχανήν.
307 2756 395 2821 Nihil
425 2767 532 2822 autem
561 2754 675 2821 harum
700 2753 884 2821 vocularum
910 2753 1141 2841 permutatione

117 2855 309 2945 frequentius.

554 2993 605 3050 Va.
623 2994 685 3049 471.

191 3096 264 3167 ἔσθ’
282 3094 379 3179 ὅπως
397 3094 474 3167 daec
492 3098 601 3187 μάχης
619 3100 674 3165 καὶ
691 3105 751 3186 τῆς
767 3099 938 3179 κατοξείας
954 3101 1037 3185 βοῆς

191 3200 224 3283 ἒς
241 3201 361 3291 λόγους
379 3200 536 3287 ἔλθοιμεν
554 3198 728 3290 ἀλλήλοισι
744 3204 799 3268 καὶ
818 3201 1014 3288 όιαλλαμόςς

169 3324 217 3390 lta
243 3346 284 3390 ex
309 3322 352 3390 V.
381 3323 501 3389 editum
529 3333 592 3402 est,
623 3332 658 3388 ut
688 3324 865 3390 coniecerat
894 3320 1068 3387 Elmsleius
1099 3318 1141 3384 ad

24 3491 26 3518 ἰ
117 3423 192 3493 Meu
219 3428 294 3494 102.
338 3425 447 3514 Vulgo
474 3423 638 3510 ἔλθωμεν,
671 3426 757 3511 quod
784 3435 891 3514 aperte
916 3424 1066 3490 vitiosum
1092 3432 1141 3487 est

24 3523 26 3610 ξ
117 3550 206 3616 neque
224 3552 328 3617 nuper
344 3529 485 3597 revocari
502 3528 647 3596 debebat
688 3529 736 3595 At
753 3529 911 3617 optativus
929 3524 1083 3614 particula
1100 3519 1142 3591 ἂν

24 3619 26 3696 i
118 3652 208 3699 carere
226 3656 291 3699 non
308 3642 423 3721 potest,
440 3654 500 3700 nec
516 3632 603 3717 quod
620 3632 768 3720 Euripidi
784 3631 882 3709 licuit,
899 3641 936 3695 ut
948 3629 1071 3695 Alcest
1085 3628 1140 3695 52.

24 3975 26 4012 t

118 3734 221 3802 diceret
248 3732 311 3804 ἔστ’
338 3726 396 3803 οὖν
422 3730 517 3815 ὅπως
532 3730 698 3824 Ἄλκηστις
725 3734 760 3814 ἔς
784 3740 886 3823 γῆρας
911 3733 1025 3819 μόλοι,
1052 3733 1141 3800 licuit

120 3838 199 3905 etiam
225 3838 444 3927 Aristophani.
497 3838 598 3905 Recte
624 3839 686 3906 hoc
712 3839 812 3905 sensit
839 3837 1059 3916 Hermannus,
1086 3835 1142 3921 qui

119 3941 239 4025 primum
252 3965 381 4009 versum
399 3942 446 4009 sic
464 3942 560 4009 scribi
576 3943 676 4009 voluit
694 3937 771 4008 dass
788 3940 896 4031 μάχης
913 3938 954 4010 ἂν
971 3944 1027 4008 καὶ
1043 3963 1142 4007 κακο-

24 4017 26 4112 i
122 4043 193 4124 ξιίας
208 4051 300 4134 βοῆς.
346 4044 556 4112 Scribendum
574 4057 655 4113 erate

24 4195 26 4256 t

188 4161 260 4232 ἔσθ’
277 4159 373 4245 ὅπως
390 4160 431 4234 όν
449 4164 484 4234 ἐκ
501 4166 610 4255 μάχης
625 4168 682 4234 καὶ
698 4172 758 4255 τῆς
774 4168 947 4250 κατοξείας
962 4171 1055 4253 βοῆς,

124 4296 179 4366 post
196 4289 297 4352 εἰαοιο
318 4289 466 4375 illumque
487 4291 632 4354 insonum
654 4290 829 4369 clamorem,
852 4310 916 4374 quo
934 4297 1035 4354 totum
1052 4286 1144 4352 thea-
