2859 4909
276 379 321 446 28
707 390 888 449 VESPAE.

278 543 362 600 trum
379 542 593 621 personuerat.
635 533 705 600 Inm
722 532 802 599 illud
818 534 914 600 etiam
930 533 1127 622 intelligitur,
1148 543 1233 601 reete
1250 534 1322 623 legi

277 637 446 703 articulum
467 642 526 725 τῆς
545 641 641 724 βοῆς,
664 637 720 722 qui
740 636 895 703 Elmsleio
917 638 996 703 adeo
1015 637 1182 704 offensioni
1199 636 1318 718 fuerat,

279 749 315 806 ut
329 734 405 808 άνεο
419 740 525 828 μάχης
536 764 573 808 τε
586 741 642 807 καλ
654 741 825 821 κατοξείας
835 744 918 829 βοῆς
931 741 1147 828 reponendum
1161 752 1318 808 censeret.

732 944 782 1001 Vs.
800 944 861 1000 539.

358 1055 392 1118 τῖ
407 1046 470 1141 γάρ
488 1046 575 1141 φάθ’
591 1046 694 1136 άμεῖς,
713 1046 753 1139 ἢν
771 1046 826 1118 tet
841 1074 884 1135 με
901 1055 950 1137 τῷ
967 1049 1055 1138 λόγῳ
1073 1049 1235 1139 κρατήσῃς

345 1187 418 1255 Non
434 1189 512 1274 quid
528 1188 643 1256 chorus
661 1189 755 1268 dieat,
774 1188 832 1254 sed
848 1189 926 1274 quid
938 1188 1078 1256 dicturus
1093 1189 1144 1268 sit,
1162 1211 1319 1274 quaerere

280 1292 383 1381 potuit
399 1292 583 1381 Bdelyuleo.
626 1281 709 1359 Eam
728 1291 769 1358 ob
787 1314 917 1358 causam
935 1287 1022 1379 φάθ’
1038 1291 1246 1359 commatibus
1265 1294 1320 1358 in-

281 1396 471 1462 eludendum
497 1406 590 1484 puto,
617 1405 653 1462 ut
678 1394 846 1462 verborum
868 1399 902 1461 τί
923 1390 1017 1481 όμεῖς
1039 1418 1152 1462 sensus
1175 1396 1215 1462 sit
1238 1400 1321 1483 quid

280 1503 318 1566 de
334 1501 419 1565 vodis
429 1499 575 1586 suturam
592 1511 644 1566 est.
688 1499 799 1585 Atque
817 1497 878 1566 hoc
900 1521 1010 1565 verum
1035 1521 1120 1576 esse,
1142 1498 1257 1566 docent
1276 1522 1319 1565 ea

280 1624 362 1687 quae
380 1602 494 1704 chorus
512 1602 691 1690 respondet,
710 1601 878 1688 inquibus
898 1598 962 1670 ἔστ’
977 1624 1036 1690 pro
1053 1601 1160 1670 futuro
1179 1611 1238 1669 est.

732 1788 781 1845 Vs.
799 1787 860 1845 542.

540 1892 771 1979 σκωπτόμενοι
789 1889 820 1961 d’
837 1888 877 1961 άν
894 1895 1013 1962 παισὶν
1031 1892 1064 1962 ἐν
1127 1916 1133 1923 ’
1179 1976 1186 1981 ,

537 2008 648 2065 ταῖσιν
670 1992 763 2077 ὁδοῖς
781 1991 932 2077 άπάσαις

537 2098 753 2189 θαλλοφόροι
769 2101 969 2185 καλοίμεθα.

347 2236 403 2307 Sic
420 2237 498 2304 haee
516 2237 702 2325 corrigenda
719 2239 842 2325 putavi,
867 2238 1005 2305 indicata
1021 2240 1054 2305 in
1071 2238 1216 2305 versibus
1235 2240 1320 2305 anti-

282 2342 447 2431 strophicis
478 2342 602 2408 laeuus.
654 2341 735 2407 Rau.
763 2339 994 2426 σκωπτόμενοι
1020 2340 1052 2409 δ’
1077 2339 1117 2409 άν
1144 2340 1177 2409 ἒν
1202 2355 1319 2410 ταῖσιν

283 2442 376 2526 όόοῖς
394 2441 558 2526 άπάσαις,
577 2443 619 2512 V.
639 2443 871 2530 σκωπτόμενοι
889 2440 920 2511 d’
936 2440 977 2512 άν
995 2443 1029 2512 ἓν
1045 2458 1139 2513 τοῖσι
1173 2441 1317 2515 όόοῖσιν.
1370 2447 1372 2450 ’

281 2549 375 2633 Quae
392 2571 490 2634 quum
509 2549 562 2614 slii
580 2548 669 2615 aliter
686 2547 854 2614 emendare
871 2549 975 2622 conati
993 2549 1066 2629 sint,
1084 2549 1162 2615 mihi
1174 2572 1318 2617 eommo-

281 2652 450 2718 dissimum
479 2653 584 2718 visum
615 2663 663 2718 est
693 2652 845 2730 inserere,
881 2652 967 2737 quod
993 2652 1143 2719 facillime
1169 2653 1318 2721 excidere

280 2755 394 2841 potuit,
412 2759 539 2822 παισίν.

733 2941 783 2998 Vs.
800 2942 861 2997 555.

282 3043 440 3133 ἐμβάλλει
455 3071 515 3131 μοι
531 3043 589 3134 τὴν
604 3042 684 3135 χεῖρ’
700 3042 832 3135 ἁπαλὴν
844 3052 911 3115 τῶν
925 3048 1093 3136 δημοσίων
1105 3050 1315 3156 κεκλοφυῖαν.

348 3182 506 3252 Desidere
534 3182 718 3252 'subiectum
754 3184 796 3251 ad
830 3182 987 3272 ἐμβάλλει
1016 3208 1118 3272 neque
1149 3169 1316 3254 articulum

282 3288 385 3355 habeo
407 3310 469 3374 quo
490 3297 584 3375 paeto
606 3288 772 3354 commode
788 3288 982 3375 interpreter.
1029 3290 1142 3376 ltaque
1164 3317 1216 3371 τις
1238 3292 1318 3357 scri·

283 3392 421 3459 bendum
442 3391 565 3479 putavi;
591 3390 726 3458 fortasse
749 3401 856 3457 tamen
876 3402 961 3459 reete
978 3392 1130 3460 Reiskius
1147 3391 1204 3482 τὴν
1219 3406 1317 3483 χεῖρα

282 3496 394 3582 Πάχης
407 3495 459 3561 vel
476 3494 578 3561 simile
594 3517 710 3562 nomen
727 3494 942 3583 reponendum
960 3497 1103 3564 coniecit.
1139 3497 1317 3566 Adnotatio

232 3623 237 3628 ·
281 3597 325 3664 nd
341 3598 373 3663 h.
390 3598 412 3665 l.
432 3598 478 3664 sie
496 3598 662 3666 scribenda
679 3610 741 3665 est:
759 3624 832 3678 τιςτ
851 3599 964 3687 vulgo
981 3599 1059 3689 τήν.

347 3717 407 3785 Vs.
426 3716 500 3784 565.
521 3741 606 3785 nune
628 3719 759 3805 repudio
781 3719 958 3786 Hermanni
980 3721 1191 3787 coniecturam
1214 3717 1315 3789 άνιιὺν

282 3818 546 3906 seribendumque
567 3830 645 3908 puto
666 3819 749 3888 κακὰ
770 3820 857 3910 πρὸς
878 3835 950 3903 τοῖς
977 3813 1053 3892 σόοι
1077 3836 1225 3892 κακοῖσιν
1252 3824 1316 3905 ἕως

281 3917 323 3989 dv
346 3920 452 4010 ἰσώσῃ
475 3935 582 3991 τοῖσιν
609 3922 747 4009 ἐμοῖσιν.
792 3925 889 4011 Quod
916 3927 1003 3994 solus
1031 3927 1073 3994 V.
1099 3928 1195 3995 habet
1221 3924 1315 4008 άνιιῦ,

282 4047 323 4091 ex
341 4025 545 4112 sequentibus
562 4023 660 4094 literis
678 4039 788 4095 natum
807 4030 939 4096 videtur.

346 4144 406 4214 Vs.
420 4146 495 4214 570.
513 4157 597 4216 reete
611 4147 797 4218 Dindorfius
815 4174 855 4217 ex
869 4150 909 4218 R.
924 4150 968 4218 A.
982 4152 1143 4220 revocavit
1160 4152 1315 4219 norietum

267 4309 268 4312 ,
280 4250 504 4341 σομκόιβαντα.
