2859 4909
317 394 380 460 122
684 403 981 463 LYBISTRATA.

317 547 433 635 πρῴην
455 544 602 635 ἐπῆλθεν
625 545 791 636 ἐκβοῆσαι.
834 545 906 612 Nisi
921 546 950 611 is
967 546 1105 633 respexit
1121 545 1164 611 ad
1177 542 1348 631 Eupolidis

317 651 423 717 locum
440 650 473 715 in
491 650 620 738 Fregm.
640 649 732 717 Com.
750 673 798 739 gr.
817 650 863 716 11.
882 671 914 737 p.
934 648 1009 717 549.

480 743 501 840 ἦ
518 751 628 820 πολλά
644 748 673 839 μ’
689 749 723 820 ἓν
740 758 855 843 μακρῷ
870 751 978 841 χρόνῳ
996 756 1148 839 γίγνεται,

479 857 683 943 μεταλλαγαὶ
698 880 736 924 τε
753 855 957 943 πραγμάτιον
974 856 1137 935 κυκλοῦτο,

479 964 571 1044 μένει
589 958 626 1027 δὲ
640 955 736 1048 χρῆμ’
753 954 848 1027 οὐδὲν
867 956 900 1027 ἓν
917 955 1027 1047 ταύτῷ
1046 958 1177 1049 ῥυθμῷ.

317 1062 368 1129 Ita
394 1063 477 1130 enim
505 1063 585 1129 haee
611 1063 733 1129 conexi
758 1063 791 1128 in
817 1063 1011 1150 praefatione
1037 1061 1078 1128 ad
1107 1060 1242 1129 Stobsei
1266 1058 1345 1125 Flos.

317 1165 379 1231 vol.
398 1165 458 1232 IV.
477 1188 508 1254 p.
527 1166 580 1232 45.

768 1334 818 1390 Vs.
837 1335 897 1391 277.

468 1487 472 1496 -
532 1436 631 1529 ᾤχεθ’
649 1435 739 1508 ὅπλα
756 1436 929 1528 παραδοὺς
946 1437 1022 1525 ἐμοί

533 1539 669 1632 σμικρὸν
688 1541 770 1626 ἔχων
787 1543 875 1611 πάνυ
893 1542 1077 1630 τριβώνιον,

533 1651 639 1714 πινῶν
657 1646 773 1735 ῥυπῶν
791 1642 1026 1734 ἀπαράτιλτος.

383 1765 498 1832 Multis
519 1766 599 1833 haec
621 1765 764 1855 partibus
791 1767 904 1834 vitiose
930 1776 1018 1844 sunt3
1044 1766 1146 1854 primo
1175 1764 1291 1842 versui,
1316 1759 1351 1827 in'

319 1891 382 1954 quo
405 1863 496 1935 ὅπλα
519 1869 587 1937 sine
609 1869 739 1936 articulo
761 1870 836 1937 ferri
858 1893 921 1936 non
942 1880 1060 1957 potest,
1086 1870 1120 1934 in
1147 1867 1278 1955 stropha
1301 1874 1343 1931 est
1410 1913 1411 1952 3

319 1972 484 2061 oppositus
507 1972 559 2040 hie
579 1970 663 2041 κατὰ
684 1973 744 2058 μὲν
766 1967 860 2061 ἅγιον
882 1970 965 2056 ἐ’χειν
990 1976 1122 2062 βρέτας,
1152 1971 1244 2038 alteri
1268 1964 1343 2035 κατὰ

320 2071 352 2142 d'
377 2070 558 2162 ἀκρόπολιν
585 2073 666 2161 ἐμὰν
693 2077 818 2161 λαβεῖν,
854 2077 946 2143 tertio
971 2076 1107 2161 μοχλοῖς
1133 2075 1170 2142 δὲ
1197 2076 1252 2141 καλ
1275 2070 1342 2159 κλή-

318 2186 437 2294 epoto}
461 2178 580 2265 ιιου.*)
628 2175 754 2265 Quibus
781 2178 955 2246 antithetiei
980 2202 1091 2246 versus
1117 2175 1343 2266 respondebunt

318 2285 362 2350 its
380 2284 525 2352 correcti:

534 2381 647 2455 θῶπλ’
665 2380 768 2475 ᾤχετο
786 2381 958 2474 παραδοὺς
976 2382 1051 2470 ἐμοί

537 2487 673 2579 σμικρὸν
691 2489 779 2558 πάνυ
797 2488 972 2577 τριβώνιον
991 2486 1081 2572 ἐ’χων,

535 2599 659 2661 πεινῶν
677 2588 924 2688 ἆπαράλτιλτυς
942 2591 1066 2682 ῥυπῶν.
1140 2679 1143 2688 ἡ

320 2696 419 2763 Recte
443 2696 552 2776 etiam,
579 2709 614 2762 ut
636 2695 714 2762 mihi
735 2695 862 2782 quidem
889 2693 1027 2773 videtur,
1055 2697 1178 2762 πεινῶν
1202 2691 1340 2780 scripsie

321 2797 483 2866 codicibus
505 2821 563 2886 pro
587 2804 706 2880 πινῶν,
735 2799 822 2885 quod
848 2800 925 2866 satis
952 2799 1052 2867 otiose
1078 2820 1152 2864 eum
1179 2798 1289 2887 ῥυπῶν
1312 2792 1340 2857 in
1409 2801 1411 2804 ’

320 2903 431 2969 eadem
453 2901 609 2969 sententie
630 2902 831 2968 coniunctum
854 2913 912 2968 est.
959 2899 1089 2988 Optime
1107 2911 1215 2967 autem
1231 2898 1340 2968 πεινῶν

320 3019 352 3073 et
377 3006 492 3094 ῥυπῶν
522 3006 756 3094 coniunguntur
780 3017 816 3071 ut
842 3004 906 3071 Av.
936 3004 1030 3071 1282.
1058 3002 1184 3088 ἐκόμων
1217 3002 1339 3071 ἐπείνων

321 3108 471 3198 ἐρρύπων
498 3106 700 3198 ἕοωκράτων.
754 3109 794 3174 Ια
821 3108 966 3196 opposito
993 3107 1250 3175 versu'fortasse
1275 3100 1339 3171 seri·

320 3213 459 3281 bendum
477 3224 525 3279 est
542 3210 626 3280 κατὰ
644 3213 681 3279 δὲ
698 3214 810 3296 λαβεῖν
828 3209 909 3296 ἐμὰν
927 3208 1036 3278 πόλιν.
1077 3209 1183 3278 Versu
1202 3213 1338 3294 sequente

235 3317 236 3322 ’
318 3328 404 3386 τεοῖο
430 3316 527 3405 vulgo
558 3317 662 3381 editur
685 3309 791 3395 οὕτως
823 3309 1030 3403 ἑπολιόρκηῶ
1056 3311 1130 3399 ἐγώ.
1182 3311 1338 3380 Dobraeus

319 3420 457 3489 malebat
475 3413 562 3487 οὕτω
577 3413 820 3505 ’ξεπολιόρκηῶ
842 3414 915 3503 ἐγώ.
960 3417 1052 3484 Talis
1064 3416 1224 3484 rarissime
1237 3408 1338 3481 eximio

321 3526 389 3592 viro
407 3524 600 3591 exciderunt.
669 3578 671 3586 ,

771 3673 820 3729 Vs.
839 3672 900 3727 285.

406 3781 450 3869 μή
469 3807 524 3848 νυν
543 3776 584 3847 ἴτ’
602 3778 634 3847 ἒν
651 3780 868 3868 τετραπτόλει
885 3774 1008 3862 τούμὸν
1025 3788 1187 3864 τροπαῖον
1205 3777 1262 3862 εἴη.

384 3899 531 3967 Poenitet
557 3900 618 3967 hoe
643 3899 851 3988 Aristophani
877 3898 1051 3983 reliquisse.
1101 3896 1244 3985 Euripidi
1273 3909 1338 3958 sene

323 4002 426 4069 dicere
461 4004 549 4069 licuit
579 4002 662 4071 λεὼν
691 4003 908 4090 τετράπταλιν
938 4000 1068 4067 Heracl.
1102 4001 1153 4066 81.
1185 4023 1247 4066 non
1273 3996 1337 4061 item
1410 4035 1411 4038 =

390 4190 421 4262 s)
439 4189 485 4244 Ita
497 4190 573 4244 enim
584 4190 656 4245 haec
669 4189 818 4248 scribenda
827 4189 965 4261 suspicor,
981 4210 1036 4258 μου
1052 4187 1163 4244 seodd.
1174 4184 1296 4242 omissum
1304 4175 1335 4232 ad

321 4276 357 4331 τὰ
367 4275 527 4349 προπύλαια
535 4276 703 4332 trahendum
712 4282 764 4346 est,
783 4295 841 4331 mea
846 4278 1002 4346 propalam,
