2859 4909
525 414 648 470 AVES.
1044 404 1107 469 100

518 553 568 609 Vs.
587 552 664 607 1200.

184 688 222 775 ἔχ’
239 687 398 778 ἀτρέμας·
422 687 526 758 αὐτοῦ
544 687 657 780 στῆθ’·
682 689 816 775 ἐπίσχες
832 697 891 760 τού
911 692 1046 779 όρόμου.

143 847 259 913 Forsan
277 842 320 929 ἔχ’
337 842 482 934 ἀτρέμας
500 842 617 913 αὐτοῦ·
636 841 745 933 στῆθ’,
765 857 800 911 ut
818 846 1013 938 Thesmoph.
1032 851 1107 916 230.

90 947 125 1032 ἔχ’
152 947 289 1036 ἀτρέμας
317 945 420 1017 αύτού
452 946 648 1017 κάνάκυπτε.
693 947 800 1016 Versu
827 964 978 1037 sequente
1004 954 1109 1041 λέγειν

91 1050 171 1140 ἐχρῆν
195 1049 326 1120 ὁπόθεν
352 1049 427 1120 πότ’
453 1048 501 1130 εί,
530 1054 673 1139 speciose
700 1054 877 1120 coniectum
903 1066 952 1122 est
978 1052 1108 1123 όπόθεν

91 1160 178 1237 πέτει,
197 1157 254 1222 sed
271 1156 351 1221 nihil
368 1156 554 1222 mutandum
573 1179 644 1222 esse
662 1157 755 1223 docet
772 1157 823 1223 vel
836 1158 1044 1225 Homericum
1059 1167 1111 1239 τίς

91 1259 184 1327 πόθεν
201 1256 266 1341 stc,-

519 1428 569 1485 Vs.
589 1429 665 1484 1210.

206 1565 264 1635 ούκ
283 1565 360 1635 olda
376 1565 424 1652 μὰ
443 1564 496 1636 Δί’
515 1567 615 1655 ἕχιοχε
632 1566 716 1635 κατὰ
733 1575 836 1649 ποίας
852 1570 971 1650 πύλας.

148 1723 233 1790 Haeo
263 1724 326 1789 Iris
356 1723 527 1809 respondet
556 1722 756 1789 Pisthetaero
791 1725 998 1814 interroganti
1027 1725 1112 1795 κατὰ

97 1830 182 1905 ποίας
198 1826 305 1905 πύλας
324 1826 479 1913 εἰσῆλθες
498 1824 531 1904 ἐς
548 1825 586 1892 τὸ
604 1839 729 1910 τεῖχος,·
772 1828 888 1896 Νοεοίο
906 1854 947 1895 an
968 1831 1047 1898 haee
1064 1834 1113 1898 in·

98 1931 295 2016 terpunetione
313 1929 493 1995 adiuvanda
511 1930 586 1995 sint:
1093 1955 1098 1962 ’

201 2064 258 2134 σόν.
276 2063 353 2135 οἶδα
370 2064 418 2151 μόι
436 2063 490 2134 Δί’
507 2065 621 2153 ε’χωχε·
640 2066 724 2134 κατὰ
741 2074 843 2148 ποίας
860 2069 984 2154 πύλας,·

99 2203 116 2268 i.
132 2228 155 2271 e.
171 2230 259 2293 qoam
278 2219 312 2271 tu
327 2206 405 2271 mihi
415 2217 544 2293 portam
561 2229 681 2284 αανναι,
695 2229 756 2292 per
774 2230 866 2293 quum
883 2208 1072 2275 introierim?

524 2424 574 2480 Vs.
594 2424 671 2479 1232.

231 2567 458 2653 μηλοσφαγεῖν
475 2590 511 2632 τε
528 2567 712 2650 βουθύτοις
730 2563 781 2633 ἐπ’
798 2565 953 2655 ἐσχάραις

232 2673 346 2737 κνισᾶν
363 2664 391 2735 τ’
408 2666 535 2755 ἀχυιύς.

152 2824 267 2910 Iniuria
287 2824 367 2889 haee
388 2824 429 2889 de
450 2825 528 2890 vitio
550 2834 698 2911 suspecta
714 2825 814 2890 fuisse
832 2825 924 2892 dooet
939 2826 1026 2894 Plut.
1045 2831 1118 2896 819.

102 2932 245 3009 βουθυτεῖ
268 2928 273 3011 Ι
296 2916 334 2993 ὗν
360 2929 416 2992 καὶ
446 2926 566 3013 τράχον
591 2930 646 2993 κοιλ
673 2923 764 3014 κριόν
793 2925 1060 3017 ἐστεφανωμένος
1087 2947 1117 2999 et

102 3029 221 3116 Lysistr.
255 3032 327 3097 196.
363 3031 641 3118 μηλοσφαγοῦσαι
671 3031 796 3098 θάσιον
827 3032 917 3100 σ’ίνου
950 3042 1116 3120 σταμνίον,

103 3155 277 3220 quamquam
306 3133 402 3200 huius
438 3133 513 3211 loci,
550 3135 583 3198 in
613 3156 676 3219 quo
712 3142 869 3219 σταμνίον
903 3150 1028 3223 praeter
1062 3149 1118 3205 exss

103 3240 294 3321 peetationem
312 3260 370 3323 pro
389 3232 505 3321 ἀμνίον
522 3237 642 3302 dietum
661 3238 794 3317 videtur,
812 3240 908 3325 paulo
926 3242 1052 3308 diversa
1070 3252 1119 3307 est

103 3341 176 3407 ratio.
210 3342 282 3407 Non
301 3341 482 3427 displiceret
500 3350 606 3405 tamen
625 3341 652 3406 si
671 3342 823 3428 seriptum
843 3353 926 3408 esset
938 3348 1119 3426 βουθυτεῖν

103 3438 128 3506 τ’
146 3441 194 3511 ἀπ’
216 3443 381 3533 ἐσχάραις.

529 3614 579 3669 Vs.
598 3614 674 3668 1233.

154 3753 349 3821 Pisthetaero
383 3754 589 3841 interroganti
623 3759 749 3833 ποίοις.
768 3758 881 3837 θεοῖς,·
921 3755 982 3821 Iris
1013 3763 1124 3823 contra

104 3853 267 3924 Atticorum
290 3859 551 3923 consuetudinem
573 3858 743 3943 respondet
760 3862 926 3938 ποίοισιν,·
952 3854 1029 3944 ἡμῖν
1050 3872 1124 3939 τοῖς

105 3954 130 4024 ἒν
146 3956 269 4050 οόρανῴ
283 3965 391 4038 θεοῖς.
435 3961 565 4027 Dubius
578 3960 747 4026 haerebam
763 3956 931 4028 όπυίοισιυ
945 3986 986 4027 an
1002 3962 1124 4030 οἵοισιν

106 4063 273 4143 seriberem3
301 4065 433 4130 alterum
454 4075 560 4129 utrum
583 4075 668 4129 certe
689 4065 904 4130 necessarium
922 4075 980 4131 est.
1024 4066 1124 4131 Prae-

106 4164 152 4229 tuli
180 4167 298 4234 οἵοισιν
324 4180 453 4254 propter
477 4166 564 4232 Plut.
591 4168 665 4234 348.
701 4166 802 4246 ποῖός
830 4193 896 4251 τις,·
933 4166 1019 4251 οἶος,·
1055 4166 1119 4255 λίγ’

107 4260 213 4349 ἀνύσας
235 4266 306 4338 ὅτι
328 4270 395 4359 φῄς
416 4295 509 4338 ποτε.
