2859 4909
321 388 385 454 112
776 396 899 454 Avus.

321 566 353 629 p.
371 542 434 609 301
453 541 553 625 (308).
600 538 776 605 Confirmat
792 538 899 604 Photii
916 538 1025 624 glossa
1039 532 1159 602 ’Ὴκειν
1182 533 1222 603 τὸ
1247 533 1358 603 έιόκειν

324 644 382 711 ἐπί
402 643 431 730 γ’
450 641 653 730 προσώπου·
675 636 788 720 οὕτως
802 637 1047 729 Ἀριστοφάνης.
1092 662 1188 724 quam
1211 640 1253 706 ad
1275 640 1358 705 hunc

322 749 429 835 ipsum
451 745 676 833 Aristophanis
706 744 813 811 locum
837 743 1035 810 referendam
1062 765 1134 809 esse
1160 741 1243 809 bene
1270 742 1359 808 intel-

323 851 401 916 lexit
415 849 568 916 Cohetus.
604 848 713 915 Tertio
731 871 824 914 versu
840 846 1006 934 legebatur
1022 841 1090 913 ἀπὸ
1106 847 1357 936 οτυφοκόμπου,

324 954 454 1038 antiquo
477 952 568 1031 vitio,
591 973 698 1037 aquo
720 974 780 1017 nec
796 950 938 1017 Pollucis
961 949 1123 1036 exemplar
1139 949 1270 1017 fabulae
1288 951 1359 1016 Ari-

326 1056 511 1144 stephaniae
534 1055 667 1121 liberum
689 1063 767 1121 erat.
810 1052 883 1120 Non
905 1053 1038 1119 dubium
1059 1053 1137 1118 mihi
1155 1055 1231 1139 quin
1250 1078 1358 1120 verum

325 1160 440 1226 viderit
456 1159 649 1247 Dionysius,
673 1159 728 1244 qui
750 1157 920 1224 scholiasta
938 1166 1019 1223 teste
1036 1151 1092 1224 ἀπ’
1109 1151 1356 1244 ὀρτυγοκόμπου

324 1264 347 1330 i.
369 1285 398 1329 e.
421 1259 646 1349 ὀρτυγοκόπον
669 1260 815 1327 correxit.
859 1260 927 1326 Nec
952 1259 1087 1325 multum
1110 1260 1214 1326 differt
1237 1268 1358 1330 ΥΠΟΡ-

289 1369 293 1376 ’
330 1373 576 1434 ΤΥΙὈΚΟΠΟΥ
593 1364 634 1431 ab
657 1370 1021 1432 ΥΠΟΟΤΥΦΟΚΟΠΟΥ.
1068 1359 1232 1430 Sententia
1255 1375 1357 1429 autem

325 1470 390 1536 iam
408 1469 513 1536 evadit
530 1468 729 1555 planissima:
758 1463 775 1533 ὁ
799 1462 1023 1553 ἀρτυγοκόπος
1045 1468 1237 1534 coturnicem
1261 1476 1358 1533 certa-

325 1573 404 1639 mini
424 1595 614 1658 praeparans
635 1570 764 1637 indocili
785 1571 837 1638 avi
859 1594 968 1658 pugno
989 1582 1084 1658 caput
1105 1571 1193 1653 ferit,
1217 1593 1281 1656 quo
1298 1570 1357 1634 icta

227 1769 231 1774 „
327 1677 448 1742 delirat.

772 1861 822 1917 Vs.
843 1859 918 1916 1337.

534 1996 687 2078 γενοίμαν
706 1988 815 2070 αἰετὸς
833 1987 1012 2076 ὑψιπέτας,

536 2089 582 2173 ὡς
600 2090 639 2160 ἀν
657 2099 843 2181 ποταθείιγν
861 2090 944 2183 ὑπὲρ
964 2090 1140 2183 ἀτρυγέτου

535 2200 677 2284 γλαυκᾶς
696 2193 748 2266 ἀπ’
765 2194 866 2282 οἶδμα
883 2199 1008 2281 λίμνας.

393 2337 552 2423 Apertum
570 2345 618 2401 est
630 2335 710 2401 haec
723 2336 861 2421 graviter
874 2357 945 2400 esse
963 2345 1118 2422 corrupta,
1138 2335 1196 2401 sed
1213 2334 1355 2419 quicquid

328 2442 433 2507 adhuc
447 2440 696 2505 coniecturarum
710 2439 769 2503 viri
782 2438 866 2503 docti
879 2438 1043 2524 periclitati
1058 2448 1141 2516 sunt,
1160 2439 1283 2525 probari
1295 2460 1354 2501 non

328 2553 443 2633 potest.
489 2543 588 2609 Recte
606 2542 716 2629 opinor
733 2553 806 2627 post
822 2537 906 2626 ὑπὲρ
923 2541 1069 2606 lacunam
1091 2541 1242 2619 indicavi,
1264 2536 1354 2628 ἀέρος
1370 2582 1378 2590 ,
1406 2591 1407 2594 ¹

329 2648 380 2712 vel
404 2645 542 2735 αἰθέρος
565 2645 721 2711 excidisse
749 2645 924 2723 coniciens3
950 2668 1025 2709 nam
1053 2639 1228 2732 ἀτρύγετος
1252 2665 1355 2727 quam-

329 2774 424 2836 quam
445 2749 513 2815 fere
535 2749 630 2814 maris
654 2747 814 2834 epitheton
837 2761 899 2826 est,
921 2757 1027 2834 potest
1044 2757 1150 2812 tamen
1168 2748 1275 2813 eodem
1292 2746 1354 2809 iure

330 2852 369 2917 de
387 2857 459 2917 adre
477 2853 553 2931 dici3
571 2852 616 2916 ita
634 2849 695 2940 ἀὴρ
714 2846 888 2938 ἀτρύγετος
901 2851 986 2915 idem
1000 2850 1095 2916 fuerit
1108 2851 1193 2934 quod
1205 2849 1353 2914 Pindarus
1369 2925 1371 2932 ‚

329 2954 409 3020 dixit
426 2953 530 3043 didio
549 2953 663 3041 ἕρήμα.
709 2953 806 3036 Quod
828 2963 933 3019 autem
951 2977 1042 3041 super
1062 2958 1168 3019 aerem
1191 2976 1225 3019 se
1241 2952 1354 3018 volatu-

330 3081 400 3122 rum
419 3057 495 3122 dicit
512 3080 569 3144 pro
587 3080 625 3124 eo
643 3057 729 3141 quod
744 3058 847 3142 quivis
861 3057 941 3124 alius
955 3057 1087 3122 dixisset
1102 3052 1144 3123 δι’
1156 3052 1260 3144 ἀέρος,
1277 3055 1308 3119 id
1323 3053 1353 3117 in

329 3161 460 3248 parodia
480 3160 729 3247 dithyrambicae
751 3161 856 3247 poesis
879 3160 957 3225 nihil
978 3160 1073 3225 habet
1090 3160 1178 3244 quod
1195 3155 1353 3243 vituperari

330 3265 442 3352 possit.

777 3466 825 3522 Vs.
845 3466 920 3521 1344.

482 3595 695 3688 ὀρνιθομανῶ
713 3595 775 3686 γὰρ
794 3601 939 3680 πέτομαι
956 3599 1011 3662 καὶ
1028 3597 1194 3682 βούλομαι

482 3702 582 3769 οἰκεῖν
599 3698 676 3786 μεθ’
692 3697 793 3785 ὑμῶν.

395 3839 572 3905 Patricidae
595 3840 674 3905 haec
695 3837 793 3904 verba
815 3847 902 3915 sunt,
926 3839 981 3922 qui
998 3836 1083 3922 quod
1101 3859 1136 3903 se
1153 3838 1259 3904 volare
1276 3836 1351 3911 dicit,

331 3941 445 4006 mirum
460 3965 535 4008 sane
548 3943 609 4008 hoc
623 3943 723 4008 videri
736 3951 850 4029 potest,
869 3965 966 4026 quum
985 3953 1097 4028 postea
1109 3944 1237 4008 demum
1252 3939 1351 4023 (1360)

329 4044 387 4109 alis
415 4045 602 4123 instruatur3
629 4046 735 4130 itaque
757 4044 893 4111 brachiis
919 4045 1072 4110 iactandis
1095 4046 1235 4111 volatum
1257 4044 1351 4109 avium

328 4148 445 4213 imitari
463 4149 639 4213 censendus
658 4159 715 4214 est.
751 4148 875 4213 Dubito
888 4172 928 4213 an
942 4157 1026 4213 reete
1039 4147 1187 4215 Kochius
1203 4139 1351 4234 scripserit

329 4256 498 4319 πέτεσθαι
514 4251 679 4336 βούλομαι
697 4251 795 4318 οἰκιῦν
812 4246 889 4335 μεθ’
910 4246 1012 4335 ὑμῶν.
