2859 4909
465 374 762 433 LYSISTBATA.
1072 360 1136 428 125

110 536 164 581 neo
182 513 285 602 magis
309 515 501 599 ονμττιέζειν
523 515 650 604 probari
670 526 791 603 potest,
814 516 900 602 quod
915 538 1017 604 nuper
1034 539 1053 582 a
1070 517 1140 583 viro

110 619 195 684 docto
229 617 411 684 coniectum
442 620 582 686 memini.
637 618 799 706 Equidem
838 620 976 707 primum
1010 641 1138 686 versum

110 722 195 788 unius
211 721 345 789 voculae
363 723 607 809 transpositione
624 723 669 789 ite
685 724 824 790 restitui:

208 832 235 907 ὦ
254 842 437 927 σκυτοτόμε
454 867 519 927 μου
537 849 596 931 τῆς
613 840 766 931 γυναικὸς
781 848 841 910 τοῦ
859 842 1026 922 ποδός-

110 963 220 1047 inquo
242 986 308 1048 μου
331 962 373 1028 κδ
393 968 453 1050 τῆς
474 959 626 1050 γυναικὸς
647 964 847 1031 referendum
870 973 945 1043 ests
956 986 1085 1051 prorsus
1103 974 1139 1030 ut

110 1066 299 1153 Thesmoph.
315 1067 388 1132 744.
403 1055 602 1149 ὦναισχυντέ
613 1092 678 1152 μου
692 1064 731 1134 τὸ
746 1067 883 1135 παιδίον
896 1076 928 1133 et
940 1065 1049 1152 Equit.
1063 1068 1139 1134 910.

111 1158 245 1257 ὦΔῆμέ
270 1194 335 1253 μου
362 1166 448 1257 πρὸς
474 1168 532 1258 τὴν
559 1167 703 1259 κεφαλὴν
730 1167 874 1257 sinodos,
902 1170 1034 1256 aliisque
1059 1170 1140 1238 locis
1186 1199 1189 1217 ·

110 1272 256 1358 plurimis.
302 1273 413 1339 Minus
432 1274 580 1361 expedite
602 1273 734 1340 secundi
755 1296 867 1341 versus
889 1273 1083 1350 emendatio,
1105 1274 1140 1339 in

111 1398 168 1459 quo
188 1377 276 1461 quod
299 1375 506 1444 δακτυλίδιον
527 1377 633 1444 medie
649 1377 746 1465 longe
761 1377 879 1466 legitur
894 1376 1080 1443 Lobeokius
1098 1376 1140 1442 ad

112 1478 291 1546 Buttmenni
314 1477 458 1546 Gremm.
481 1503 586 1568 graec.
604 1480 667 1547 voi.
686 1480 733 1546 11.
756 1503 787 1567 p.
806 1481 880 1546 442.
903 1481 948 1546 ite
968 1478 1139 1546 defendere

113 1593 235 1649 conatus
258 1592 323 1662 est,
346 1583 400 1648 vix
419 1596 453 1649 ut
470 1583 749 1672 grammaticorum
766 1606 933 1651 assensum
950 1582 1071 1651 laturus
1089 1583 1141 1650 sit.

115 1685 209 1754 Credo
227 1686 377 1771 equidem
394 1696 521 1774 poetam
538 1687 720 1773 scripsisse:

321 1804 360 1873 τὸ
380 1808 608 1874 δακτολλσκιον
626 1807 735 1890 πιέζει
752 1806 790 1875 τὸ
810 1807 915 1895 ζυγόν.

115 1927 178 1994 Non
193 1951 265 1993 rara
283 1939 358 1993 sunt
375 1928 485 1994 talium
504 1923 767 2017 δττοκοριοτικῶν
789 1928 935 2022 exempla
941 1954 951 2008 ;
977 1933 1142 1995 κανλοκιον

118 2035 229 2118 (κανῆς,
258 2034 423 2110 κανίσκος)
448 2031 517 2117 ipse
538 2031 634 2098 hebet
657 2030 889 2120 An'stophanes
911 2032 997 2119 apud
1018 2031 1141 2098 Polluo.

117 2133 157 2213 X,
173 2135 223 2201 91.
243 2136 427 2217 λοχνλοκιον
445 2134 584 2218 (λύχνος,
603 2136 784 2218 λοχνίσκος)
801 2135 866 2224 legi
882 2135 991 2201 nescio
1007 2156 1093 2201 nuno
1109 2136 1143 2200 in

119 2259 173 2321 qua
189 2237 298 2326 glossa
311 2237 478 2326 Hesychii‚
497 2243 708 2323 σταμνίοκιον
727 2238 825 2305 hebes
844 2238 930 2326 apud
941 2238 1092 2305 Photium
1109 2261 1141 2302 v.

119 2341 309 2428 τροχοίδιον.
353 2341 463 2407 Etiam
479 2346 703 2431 μαγειρίσκιον
722 2342 838 2408 alieubi
855 2365 906 2408 me
923 2341 1059 2430 reperire
1077 2363 1144 2406 me·

119 2444 194 2510 mini.
238 2443 335 2511 Adde
351 2450 571 2531 γονανκὶσκιον
588 2445 628 2511 ab
646 2445 812 2534 Hesychio
830 2446 970 2512 allatum.

561 2616 609 2672 Vs.
628 2616 689 2671 481.

257 2733 278 2805 ὅ
294 2764 328 2806 τι
344 2738 545 2824 βουλόμεναί
562 2762 645 2805 ποτε
663 2736 721 2826 τὴν
739 2734 892 2826 Κραναὰν

256 2842 449 2927 κατέλαβον,
470 2837 522 2929 ἐφ’
538 2835 559 2908 δ’
575 2868 610 2907 τι
626 2866 663 2908 τε

255 2944 501 3033 μεγαλόπετρον
519 2941 643 3030 ἄβατον
662 2940 842 3032 ἀκρόπολιν

259 3046 346 3137 ἱερὸν
363 3052 505 3132 τέμενος.
565 3132 568 3138 Ι

566 3166 616 3222 Vs.
633 3165 693 3219 544.

158 3345 163 3356 ,
256 3269 341 3357 μετὰ
357 3267 456 3341 τῶνδ’
473 3267 589 3360 ἀρετῆς
607 3323 615 3339 .
635 3323 644 3339 .
664 3268 753 3354 ἕνεχ’,
773 3268 826 3350 αἶς

259 3374 306 3443 δ’νι
326 3376 440 3464 φύσις,
461 3374 508 3443 δ’νι
523 3376 633 3464 χάρις,

149 3561 157 3568 x
260 3478 307 3547 ἔνι
325 3478 471 3567 θράσος,
491 3477 540 3546 ἔτι
556 3479 593 3546 δὲ
611 3478 732 3567 σοφόν,
753 3475 800 3544 ἔνι
818 3475 998 3565 φιλόπολις

258 3579 359 3672 ἀρετὴ
377 3573 549 3671 φρόνιμος.

183 3701 383 3770 Coniunctim
405 3704 540 3789 opposui
563 3704 740 3789 strophieos
763 3714 795 3768 et
817 3699 1058 3787 antistrophieos
1076 3721 1148 3765 ver-

128 3825 186 3884 sos,
208 3829 270 3892 quo
289 3806 402 3872 melius
419 3829 471 3872 res
489 3806 653 3873 diiudicari
675 3806 786 3893 possit.
832 3803 923 3869 Dixit
945 3804 985 3869 de
1006 3802 1057 3869 his
1075 3812 1148 3890 post

127 3906 194 3975 elios
211 3910 383 3977 novissime
396 3909 546 3998 Engerus
564 3910 620 3994 qui
637 3931 685 3977 vs.
700 3909 775 3975 481.
793 3930 851 3996 pro
871 3901 936 3974 ὅτι
947 3906 1149 3992 βουλόμεναι

127 4012 240 4099 senpsit
255 4009 306 4101 ἐφ’
323 4006 401 4100 ὅτῳ.
432 4013 517 4100 Ego,
536 4025 571 4078 ut
585 4013 684 4092 vides,
699 4012 918 4078 antithetieum
931 4033 1058 4078 versum
1071 4010 1146 4076 544.

125 4115 218 4197 potius
235 4126 418 4202 corruptum
436 4138 508 4182 esse
526 4117 634 4193 stetui,
658 4125 732 4202 post
754 4112 870 4203 ἀρετῆς
888 4116 1044 4182 excidisse
1060 4123 1147 4179 ratus

124 4218 255 4305 μεγάλης
277 4218 328 4285 vel
347 4219 448 4285 simile
466 4219 553 4304 quid.
597 4219 735 4286 Mencus
753 4220 830 4285 item
846 4219 988 4300 vs.·483.
1007 4218 1040 4283 in
1058 4216 1150 4282 ouius
