2859 4909
317 334 361 451 {4
772 340 895 399 Aves,

317 487 413 554 Hanc
439 484 690 552 emendationem
716 481 884 548 Dindorfio
914 505 977 549 non
1005 483 1164 562 nominato
1190 485 1351 573 adoptavit

318 588 472 658 Cobetus.
515 587 567 654 Ac
589 587 683 654 credo
708 607 820 652 verum
840 583 959 652 vidisse
980 584 1200 667 Dindorfium,
1229 590 1285 655 sed
1306 590 1348 656 al-

319 706 421 760 terum
437 716 472 759 τι
488 714 554 758 non
570 701 619 757 est
636 712 693 756 cur
710 688 873 756 abiciatur.
920 687 1130 756 Scribendum
1148 691 1247 758 enim:

469 799 504 862 τό
521 788 553 861 d‘
570 788 590 882 'l
609 792 754 883 κορώνης
771 797 829 880 τῆς
849 788 928 859 rideri
945 818 980 860 τι
997 795 1084 880 λέχει
1101 797 1195 881 πόρος

319 898 494 987 Euelpides
513 918 610 986 supra
626 896 757 985 graculo
775 896 897 962 dixerat
919 899 996 983 quid
1015 921 1137 963 rursum
1158 895 1247 963 bias?
1271 898 1352 966 λοιιό

321 1004 410 1070 dubo
428 1026 483 1068 ιιοι
501 1003 536 1067 in
552 1023 643 1089 rupes
660 1003 815 1077 όιινιιόιις
837 1000 925 1065 nullu
943 1003 1023 1066 enim
1044 1000 1092 1067 bic
1108 1003 1225 1067 semita.
1270 1001 1347 1067 Tum

321 1106 477 1174 cornicem
496 1104 699 1170 crocitantem
717 1103 865 1183 audiens,
884 1106 961 1191 quid
976 1102 1065 1170 vero?
1081 1103 1198 1188 inquit,
1217 1129 1258 1172 an
1268 1106 1347 1194 forte

219 1255 221 1262 .
321 1212 428 1277 comas
449 1210 570 1294 aliquid
590 1208 677 1273 nobis
699 1210 737 1273 de
757 1209 808 1272 oia
829 1204 964 1273 indicati
990 1207 1042 1274 cui
1063 1206 1281 1277 Pisthetaerus
1304 1232 1349 1276 re·

320 1313 402 1403 gerit
418 1324 495 1380 νιιιι
512 1313 597 1388 dicu,
616 1332 711 1398 aeque
727 1312 808 1377 enim
825 1323 859 1377 nt
875 1323 967 1378 απιια
983 1314 1117 1377 ονοαίιοι.

781 1462 831 1519 Vs.
849 1463 892 1520 58.

430 1548 489 1620 ούκ
506 1547 579 1618 ἀντὶ
595 1555 654 1618 τοῦ
673 1549 798 1631 παιόός
816 1547 844 1619 o’
861 1549 955 1639 έχρῆν
974 1549 1102 1620 ἐποποῖ
1117 1555 1239 1621 καλεῖν.

386 1656 519 1723 Frustra
534 1653 709 1721 Elmsleius
732 1664 764 1720 et
785 1655 840 1740 qui
862 1655 946 1721 hunc
964 1656 1058 1722 tacite
1077 1667 1206 1723 secutus
1225 1667 1272 1724 est
1289 1656 1345 1724 Co-

323 1760 416 1828 betus
430 1753 503 1850 όντλ
515 1761 575 1825 τοῦ
584 1767 650 1823 παῖ
663 1768 731 1824 παῖ
746 1757 841 1825 scribi
859 1757 1035 1825 voluerunt.
1076 1757 1129 1826 cf.
1150 1760 1224 1826 184.
1244 1758 1345 1827 έκτοό

322 1861 429 1931 πόλου
447 1859 567 1928 τούτου
584 1859 776 1947 κεκλήσεται
792 1861 891 1941 πόλις
911 1863 933 1930 i.
952 1884 980 1928 e.
1004 1859 1041 1928 ἔτι
1055 1866 1114 1929 τοῦ
1132 1862 1240 1931 πόλον
1256 1869 1345 1930 τοῦτο

323 1961 417 2034 εἶναι.
470 1963 576 2030 Multa
601 1962 745 2030 eiusdem
774 1965 900 2052 generis
930 1965 1092 2053 congessit
1117 1965 1285 2033 Dobraeus
1309 1967 1346 2033 ad

321 2067 489 2137 Demosth.
503 2090 534 2154 p.
549 2066 624 2146 391,
638 2067 670 2134 6.
716 2065 784 2134 Sed
801 2067 840 2134 de
858 2068 919 2134 hoc
936 2067 1099 2135 admonuit
1115 2068 1181 2135 iam
1194 2070 1344 2159 Hauptius

319 2173 432 2261 Progr.
451 2169 540 2238 acad.
560 2169 654 2237 1862.

780 2320 830 2378 Vs.
849 2322 892 2377 63.

494 2406 599 2491 ούτως
616 2435 651 2478 τι
669 2408 775 2478 όεινὸν
793 2405 870 2477 otti
886 2409 1019 2479 κάλλιον
1036 2413 1150 2499 λέγειν.

385 2515 492 2583 Acuta
500 2514 671 2602 Adolphus
680 2514 721 2579 de
730 2512 850 2580 Velsen
859 2513 975 2581 Museo
984 2514 1230 2583 Rhen.XVIII.
1240 2517 1343 2604 porc.

262 2703 265 2707 λ
321 2643 378 2707 pro
395 2618 528 2686 scilleos
545 2616 679 2684 coniecit
695 2617 855 2697 Καλλίου,
878 2627 914 2683 ut
934 2640 974 2684 ne
993 2618 1114 2686 Calliae
1137 2621 1266 2705 quidem
1286 2632 1343 2685 tam

322 2744 473 2810 magnum
489 2721 603 2787 rictum
621 2742 691 2787 esse
709 2719 844 2799 dicatur3
864 2730 912 2786 est
929 2730 1035 2788 tamen
1052 2723 1138 2807 quod
1155 2724 1271 2794 obstat.

779 2872 829 2929 Vs.
848 2872 889 2928 78.

432 2957 543 3039 ἔτνους
561 2954 592 3026 δ’
608 2956 786 3044 ἐπιθυμεῖ,
805 2960 858 3028 dat
873 2959 1009 3050 τορύνης
1026 2963 1082 3029 καὶ
1098 2962 1231 3053 χύτρας,

431 3066 535 3151 τρέχω
549 3057 604 3130 ’πὶ
620 3062 767 3150 τορύνην.

383 3168 473 3234 Inter
490 3166 543 3233 όιῑ
558 3174 590 3231 et
606 3164 744 3252 τορύνης
764 3166 888 3253 peiores
905 3165 977 3233 libri
993 3167 1136 3234 inserunt
1157 3193 1195 3237 τε
1216 3169 1345 3258 particu-

317 3271 396 3352 lam,
430 3292 527 3356 quam
556 3268 743 3335 Dindorfius
774 3270 1050 3358 grammaticorum
1079 3272 1344 3359 interpolationem

319 3398 391 3443 esse
412 3373 502 3452 dicit,
524 3371 662 3461 τορύνην
682 3371 820 3438 mediam
837 3372 1010 3459 producere
1028 3375 1247 3442 nescientium.
1288 3372 1344 3440 At·

318 3480 373 3566 qui
391 3478 512 3562 absque
529 3475 584 3542 illo
601 3499 637 3543 τε
655 3474 804 3563 apodosis
823 3474 978 3542 ordiretur
989 3476 1053 3541 iam
1066 3500 1086 3543 a
1100 3478 1162 3557 δεῖ,
1180 3476 1266 3563 quod
1279 3498 1343 3543 sen-

317 3582 629 3666 tentiae'repugnat3
655 3577 802 3644 revocavi
827 3578 924 3665 igitur
948 3601 1000 3657 τι,
1026 3578 1113 3663 quod
1137 3580 1229 3647 vides
1254 3600 1343 3665 quam

316 3684 410 3750 facile
427 3691 501 3749 ante
518 3680 655 3769 τορύνης
673 3680 817 3747 excidere
838 3680 983 3767 potuerit.
1029 3679 1199 3750 Praeterea
1216 3684 1343 3751 observa

317 3785 504 3851 brevitatem
520 3785 554 3850 in
572 3784 720 3863 dicendo,
743 3805 817 3854 eum
834 3782 926 3869 plene
943 3783 1047 3850 dicere
1065 3784 1228 3854 debuisset
1244 3788 1342 3875 τρέχω

312 3880 368 3952 ’πὶ
389 3885 526 3975 τορύνην
549 3888 604 3953 καὶ
622 3887 756 3976 χύτραν.
802 3883 953 3952 Similiter
975 3883 1153 3973 Sophocles
1171 3888 1254 3956 Phil.
1274 3886 1340 3953 138.

314 3992 411 4071 τέχνα
428 3983 490 4074 γὰρ
508 3992 621 4070 τέχνας
638 3988 751 4077 ἑτέρας
773 3982 912 4075 προύχει
933 3989 989 4054 καὶ
1009 3989 1142 4076 χνιόμας
1163 3992 1183 4058 i.
1202 4014 1230 4057 e.
1252 3994 1341 4071 τέχνα

314 4092 370 4158 καὶ
392 4088 507 4177 χνιόμα
529 4096 663 4176 προέχει
685 4091 798 4181 ἑτέρας
818 4095 931 4173 τέχνας
953 4092 1008 4157 καὶ
1030 4093 1172 4178 γνώμας.
1216 4093 1261 4159 Et
1276 4091 1342 4157 Ho-

313 4194 411 4260 ratius
431 4191 538 4258 Carm.
557 4191 616 4271 IV,
634 4194 665 4271 4,
684 4194 736 4260 24.
748 4195 848 4280 sortes
867 4204 1007 4259 creantur
1016 4194 1156 4279 fortibus
1173 4209 1202 4262 ιι
1219 4197 1310 4261 botru.
