2859 4909
243 354 283 420 18
491 308 498 324 ’
589 359 926 420 acnnsnnrsrs.

694 499 745 557 Vs.
763 499 823 555 936.

735 603 879 694 τριπτὴρ
898 604 1007 684 δικῶν,

499 713 630 797 φαίνειν
647 703 862 790 ὑπευθύνους
879 710 1015 793 λυχνοῦ-

498 836 571 895 χος,
590 812 646 879 καὶ
663 811 758 894 κύλιξ

498 912 541 983 τὰ
558 910 725 1003 πράγματ’
741 912 956 1003 ἐγκυκᾶσθαι.

306 1038 370 1105 His
392 1058 457 1103 non
478 1036 670 1124 respondent
691 1058 804 1102 versus
821 1033 1010 1113 antithetici‚
1033 1055 1113 1118 quos
1132 1041 1167 1097 ut
1184 1031 1289 1097 exae-'

242 1152 376 1229 quarent
397 1139 511 1219 critici,
537 1139 572 1206 in
597 1139 837 1227 antisystemate
862 1161 912 1204 vs.
935 1134 1011 1203 949.
1031 1134 1136 1203 'verba
1159 1138 1283 1201 τοῦτον

243 1241 355 1331 λαβὼν
372 1242 574 1332 expulerunt3
592 1252 625 1309 at
642 1242 754 1308 vitium
772 1241 877 1330 potius
889 1241 923 1306 in
937 1249 1110 1329 systemate
1123 1259 1284 1324 quaeren-

241 1350 318 1415 dum
345 1368 430 1427 esse,
459 1347 551 1413 docet
571 1345 653 1413 Rev.
676 1345 845 1431 scriptura,
871 1344 926 1431 qui
951 1365 1016 1410 non
1040 1339 1083 1410 τά
1109 1335 1279 1429 πράγματ’

242 1451 338 1518 habet
361 1450 418 1518 sed
435 1450 491 1516 καὶ
512 1444 691 1537 πράγματ’.
736 1447 848 1535 Itaque
873 1456 948 1535 post
968 1445 1063 1528 κύλιξ
1082 1444 1199 1512 excidit
1219 1442 1284 1508 ali·

243 1554 336 1641 quid,
355 1576 384 1620 ε.
403 1574 432 1621 α.
884 1552 1018 1633 λυχνοῦ-

491 1678 560 1738 χος,
578 1656 633 1721 καὶ
651 1653 747 1737 κύλιξ
762 1649 908 1736 [ἅπαντα
924 1653 1019 1736 κακά]

489 1759 547 1824 καὶ
563 1753 730 1846 πράγματ’
745 1756 960 1846 ἐγκυκᾶσθαι.

307 1878 368 1946 Vs.
377 1878 451 1945 948.
462 1901 514 1945 me
522 1878 621 1946 invito
630 1879 756 1967 irrepsit
765 1901 851 1945 error
859 1872 1282 1967 typographicus3voleham

500 1989 612 2066 άλλίύ
632 2000 731 2082 ξύνιον
747 2001 899 2085 βέλτιστε
916 2002 972 2065 νῦν

500 2102 615 2193 θέριζε
632 2105 688 2169 καὶ
704 2107 823 2170 τοῦτον
839 2101 962 2187 λαβών.

242 2222 350 2311 Vulgo
368 2244 426 2310 pro
443 2227 499 2289 νῦν
516 2222 630 2309 θέριζε
648 2224 717 2290 sine
735 2246 832 2290 sensu
848 2223 965 2311 legitur
982 2219 1169 2307 συνθέριζε,
1191 2216 1283 2304 quod
1412 2311 1417 2316 ᾖ

243 2337 298 2393 aut
315 2331 371 2394 νῦν
388 2324 503 2412 θέριζε
520 2327 722 2394 scribendum
740 2340 789 2393 est
806 2337 861 2392 aut
879 2325 920 2394 σύ
938 2350 975 2414 γε
992 2324 1093 2415 θέριζ
1109 2376 1117 2392 .

694 2513 745 2571 Vs.
764 2514 824 2569 988.

252 2668 262 2686 .
281 2669 290 2685 .
309 2667 318 2684 .
337 2667 345 2684 .
363 2623 422 2684 ταί
438 2613 464 2684 τ’
482 2615 540 2718 ἐπὶ
555 2616 595 2685 τὸ
615 2617 749 2686 δεῖπνον
768 2614 838 2703 ἅμα
855 2620 912 2686 καὶ
927 2620 1055 2707 μεγάλα
1074 2613 1112 2706 δὴ
1132 2626 1265 2706 φρονεῖ·

307 2738 348 2803 In
362 2736 576 2825 superioribus
590 2737 704 2805 chorus
718 2739 759 2806 de
772 2738 847 2806 belli
859 2742 965 2806 furore
971 2748 1162 2825 conquestus
1171 2735 1282 2802 verbis

244 2840 487 2928 suprascriptis
509 2840 552 2906 ad
573 2839 782 2929 Dicaeopolin
804 2844 915 2909 transit
940 2844 1034 2932 genio
1060 2841 1282 2929 indulgentem

243 2954 275 3009 et
306 2943 447 3009 omnium
476 2965 582 3009 rerum
612 2943 806 3011 abundantia
834 2946 1026 3013 affluentem.
1080 2943 1282 3031 Scripturam

244 3046 374 3114 exhibui
394 3045 476 3113 Rev.
499 3042 562 3111 nisi
584 3048 669 3132 quod
690 3048 719 3114 is
741 3047 890 3117 Bekkero
913 3060 993 3117 teste
1014 3049 1072 3117 τάι
1097 3046 1194 3114 habet
1219 3069 1280 3133 pro

242 3154 312 3229 ταί,
339 3149 372 3213 in
394 3170 457 3234 quo
478 3148 569 3214 verbi
594 3150 730 3238 vestigia
756 3175 923 3240 superesse
949 3162 981 3220 et
1000 3176 1052 3220 res
1078 3153 1148 3240 ipsa
1174 3152 1279 3231 docet,

242 3262 275 3318 et
300 3250 419 3318 indicat
444 3250 615 3318 scholiasta
641 3253 722 3320 Rav.
746 3252 883 3343 ἐπείγει,
914 3256 1066 3338 σπεύδει,
1094 3256 1169 3323 item
1196 3256 1283 3321 alius

242 3351 261 3422 ὅ
290 3354 326 3423 δὲ
351 3352 463 3444 λόγος,
499 3354 718 3436 Δικαιόπολις
745 3360 928 3442 σπουδάζει
957 3362 1037 3449 περὶ
1061 3356 1100 3426 τὸ
1132 3359 1279 3427 δεῖπνον.

242 3458 370 3527 Desunt
388 3468 494 3525 autem
511 3459 644 3527 docente
657 3483 753 3529 versu
767 3464 926 3550 strophico
939 3463 1003 3530 duo
1016 3464 1132 3530 cretici.
1169 3462 1280 3547 Quare

242 3562 414 3629 admodum
432 3562 603 3629 verisimile
620 3574 670 3630 est
688 3565 854 3651 scripsisse
870 3563 1013 3653 poetamt

363 3676 489 3762 [οὑτοσὶ
509 3678 540 3749 d'
556 3678 731 3770 ἐπτόηΙταί
746 3681 774 3752 τ’
791 3683 849 3753 ἐπὶ
865 3683 904 3754 τὸ
924 3687 1058 3755 δεῖπνον
1076 3683 1148 3773 ἅμα

675 3790 733 3855 καὶ
748 3789 877 3876 μεγάλα
895 3788 935 3878 δὴ
954 3802 1082 3880 φρονεῖ.

241 3901 358 3970 Verbis
382 3900 573 3992 ἐπτοῆσθαι
595 3903 654 3976 ἐπὶ
674 3908 727 3975 vel
743 3910 823 3999 περὶ
839 3907 878 3978 τὸ
899 3910 1033 3979 δεῖπνον
1053 3913 1280 4000 percommode

240 4006 373 4073 indicari
394 4006 428 4072 id
449 4008 536 4093 quod
557 4008 589 4075 h.
608 4009 630 4077 l.
647 4013 829 4098 requiritur,
851 4013 960 4082 multis
983 4025 1107 4082 constat
1124 4016 1280 4103 exemplis

240 4110 326 4195 apud
343 4108 389 4177 H.
406 4107 604 4198 Stephanum
619 4113 717 4181 Thes.
733 4115 792 4182 VI.
811 4141 843 4204 p.
857 4119 955 4187 2186.
996 4118 1101 4185 Aliter
1117 4119 1279 4208 Bergkius

240 4212 345 4279 locum
363 4213 521 4301 supplevit
538 4212 635 4298 [εἶδες
649 4207 676 4284 ὦ
689 4215 800 4304 τόνδ’,·
827 4218 963 4309 ἐπείγει]
977 4223 1055 4309 περὶ
1072 4221 1111 4292 τὸ
1132 4224 1277 4309 δεῖπνον,
