2859 4909
556 338 715 396 RANAE.
1093 325 1156 393 165

135 484 226 550 Carm.
252 482 310 548 IV.
337 482 367 547 2.
393 503 456 545 που
481 481 574 545 eumd
596 481 727 545 disemus
753 482 784 546 io
811 481 975 567 triumphe,
1002 481 1035 546 h.
1062 503 1090 546 e.
1117 492 1155 548 ut

128 582 207 668 Ἴακχ’
226 574 372 667 ἀ”Ιακχε
397 606 455 670 pro
481 582 695 649 interiectione
717 583 884 662 habeatur,
907 606 969 649 non
991 593 1097 650 autem
1120 594 1156 650 ut

133 690 248 755 chorum
269 688 320 753 his
341 686 447 753 verbis
469 685 574 772 ipsum
596 685 692 751 deum
714 686 832 771 alloqui
849 697 1007 773 putemus.
1049 687 1156 773 ,Quid-

133 791 269 876 quidest,
289 791 313 856 ii
331 814 396 856 non
413 798 498 854 reete
515 788 621 856 faeere
638 789 785 855 videntur
802 789 857 875 qui
876 788 979 877 ἔγειρε
997 815 1017 856 u
1033 791 1155 878 relique
1250 831 1254 839 ,

132 896 257 961 oratione
289 903 438 981 separant
468 891 663 977 chorumque
694 902 795 958 semet
824 892 929 980 ipsum
965 894 1154 981 compellare

133 999 299 1064 existimant
322 1007 354 1062 et
376 1018 434 1081 pro
452 994 578 1082 ἐγείρου
597 995 718 1062 dietum
737 1006 878 1077 sumunt,
898 1005 954 1062 eut
970 997 1031 1063 hoo
1048 998 1154 1085 ipsum

132 1098 250 1189 ἐγείρου
262 1110 429 1188 reponunt.

570 1284 620 1339 Vs.
638 1283 700 1339 359.

723 1494 887 1573 πολίταις.

183 1616 297 1682 Νεεοίο
319 1638 415 1701 quam
438 1613 479 1681 ob
501 1636 632 1679 oausam
650 1611 793 1680 Cobetus
815 1611 939 1704 ἐχθράν
956 1615 1024 1681 vitii
1042 1639 1153 1704 suspe-

127 1729 203 1784 ctum
220 1718 337 1790 habeut
354 1729 385 1783 et
404 1715 533 1804 ἐχθρῶν
549 1716 661 1804 ταρσοὶ
682 1715 830 1796 voluerit3
853 1716 969 1785 στάσιν
992 1715 1152 1807 ἀργαλέαν

126 1822 197 1887 dixit
212 1822 446 1908 Aristophanes
465 1821 596 1887 Thesm.
612 1820 685 1886 788.
705 1829 799 1905 atque
817 1819 922 1906 ipsum
939 1822 1018 1888 illud
1036 1823 1152 1892 στάσιν

128 1922 240 2012 ἐχθρὰν
256 1925 429 2012 Euripides
448 1923 582 2013 Cresph.
601 1924 640 1989 fr.
658 1922 735 1988 462.
753 1919 813 1990 τάν
837 1919 867 1990 δ’
889 1921 1012 2013 ἐχθρὰν
1035 1927 1151 1996 στάσιν

127 2024 198 2115 εἶρχ’
217 2025 274 2096 ἀπ’
295 2028 404 2096 σ’ίκων.

569 2214 620 2270 Vs.
637 2213 698 2267 369.

135 2317 248 2387 τοισίδ’
266 2317 410 2387 ἀπαυδῶ
427 2308 552 2398 καῦθις
570 2295 713 2386 ἀπαυδῶ
731 2306 854 2396 καάθις
870 2315 909 2385 τὸ
927 2323 1037 2408 τρίτον
1054 2316 1130 2405 μάλ’

719 2416 872 2488 ἀπαυδῶ.

180 2544 243 2610 Pro
268 2538 392 2610 τοισίδ’
413 2539 557 2609 ἀπαυδῶ
583 2540 674 2608 codd.
700 2563 811 2607 omnes
838 2540 969 2621 τούτοις
996 2538 1148 2624 ἀπαυδῶ,

122 2646 280 2715 τούτοισιν
295 2641 439 2713 ἀπαυδῶ
458 2645 611 2711 editiones
628 2655 701 2710 onte
719 2643 927 2724 Brunokium,
946 2646 1002 2730 qui
1018 2645 1150 2728 τούτοις

125 2745 208 2816 αάδῶ
221 2770 262 2815 ex
277 2748 383 2816 Gellio
396 2749 504 2815 Praef.
518 2771 549 2836 p.
562 2749 613 2813 11.
629 2746 736 2827 edidit,
756 2748 812 2814 ubi
825 2758 931 2816 tamen
946 2746 1150 2817 Gronovianu

123 2852 211 2919 habet
231 2865 322 2920 τοῖσι
345 2847 447 2919 αάδῶ.
491 2850 657 2917 Bentleius
683 2862 791 2917 τοῖσιν
818 2848 976 2932 ἀπαυδῶ,
1003 2854 1150 2922 Kookius

125 2953 202 3023 οἷσιν
220 2952 364 3023 ἀπαυδῶ
382 2954 524 3021 coniecit.
569 2953 634 3020 His
652 2953 800 3020 omnibus
822 2956 927 3042 potius
950 2956 1028 3022 mihi
1045 2958 1150 3024 visum

121 3058 266 3145 estquod
284 3059 369 3124 edidi
386 3052 508 3125 τοισίδ’
524 3051 679 3124 ἀπαυδῶ.

180 3161 332 3248 Sequitur
354 3162 460 3228 stetim
483 3156 577 3245 ὑμεῖς
599 3156 630 3228 δ’
647 3158 826 3248 ἀνεγεῖραι
843 3158 974 3247 μολπὴν
991 3164 1046 3228 καὶ
1064 3188 1148 3230 παν-

120 3266 245 3347 νυχίδας
266 3260 326 3343 τὰς
348 3260 508 3352 ἡμετέρας
536 3265 573 3330 αἳ
597 3263 676 3352 τῇδε
702 3268 889 3351 πρέπουσιν
911 3261 1016 3352 ἑορτῇ.
1060 3265 1148 3331 Nihil

121 3378 237 3433 mutant
265 3367 360 3446 libri,·
389 3377 422 3433 et
448 3367 590 3453 ineptum
617 3389 687 3433 esse
714 3367 802 3452 quod
826 3367 993 3454 pervigilia
1019 3368 1149 3435 excitari

120 3470 263 3536 dicuntur
285 3470 402 3557 optime
428 3469 583 3536 intellexit
604 3469 825 3548 Hamukerus3
856 3470 987 3555 proinde
1014 3472 1148 3537 correxit

120 3573 164 3639 vir
183 3573 387 3640 doctissimus
409 3575 465 3640 καὶ
486 3576 679 3655 παννυχίσιν
700 3584 776 3651 ταῖς
797 3567 972 3662 ἡμετέραις
992 3575 1048 3639 καὶ
1069 3574 1147 3664 τῇδε

119 3681 308 3762 πρέπουσαν
331 3674 441 3767 ἑορτῇ,
468 3677 558 3742 cuius
581 3662 869 3742 emendatione'sio
896 3689 985 3742 usus
1000 3700 1086 3759 sum,
1113 3689 1149 3745 ut

119 3787 214 3845 totum
232 3802 359 3847 versum
377 3779 422 3846 ito
438 3779 632 3845 refinxetimz
1105 3786 1108 3790 ’

116 3929 120 3937 -
160 3881 244 3949 κατά
261 3882 462 3965 παννυχίδας
478 3880 539 3962 τὰς
555 3878 716 3970 ἡμετέρας
733 3884 789 3947 καὶ
805 3882 883 3970 τῇδε
901 3887 1096 3973 πρέπουσαν
1153 3889 1155 3895 “

715 3983 823 4074 ἑορτῇ,

120 4086 139 4150 i.
160 4111 186 4154 e.
209 4088 345 4155 excitate
367 4097 494 4154 cantum
520 4087 635 4154 nostris
661 4088 837 4176 pervigiliis
864 4092 1146 4172 accommodatum,
1170 4152 1172 4155 ε

121 4191 250 4272 quinon
266 4192 450 4277 infrequens
467 4191 708 4280 praepositionis
727 4188 811 4258 κατὰ
829 4216 906 4261 usus
925 4204 984 4261 est
