2859 4909
316 367 359 433 46
785 371 885 426 PAX.

315 518 438 585 nullum
455 516 507 582 hic
524 516 629 583 locum
642 534 713 581 esse
729 512 893 579 ostendere
907 520 1052 597 poterant
1065 509 1181 576 criticis
1203 508 1358 576 testiculi.

317 620 427 689 Sensit
440 618 559 704 aliquid
571 617 743 705 Didymus,
762 615 820 682 sed
832 614 914 680 male
928 625 1060 681 excusat
1072 624 1200 701 poetam
1214 611 1358 679 εἰδωλο-

316 736 412 793 ποιεῖ
427 721 519 801 τινὰς
537 716 644 811 ὄρχεις
661 725 809 803 Λαμίας·
831 719 919 805 θῆλυ
942 719 1014 805 γάρ.
1058 717 1128 783 Imo
1150 715 1258 800 λάμια
1279 716 1322 797 λι.
1335 716 1359 785 Ι.

315 828 414 915 piscis
431 848 547 893 nomen
564 835 622 903 est,
641 825 681 891 de
699 846 762 909 quo
780 823 852 889 vide
867 822 1054 908 scriptorum
1072 821 1255 886 testimonia
1268 819 1359 907 apud

316 930 363 998 H.
384 928 580 1017 Stephanum
598 927 696 994 Thes.
715 925 758 993 V.
776 948 807 1012 p.
827 924 878 991 75.
897 947 925 991 c.

770 1111 820 1168 Vs.
839 1112 898 1166 770.

508 1226 576 1299 πᾶς
592 1218 655 1307 γάρ
672 1243 725 1296 τις
743 1215 812 1306 ἐρεῖ
827 1222 981 1295 νικῶντος
999 1214 1077 1301 ἐμοῦ

507 1321 591 1392 κάπὶ
607 1321 753 1410 τραπέζῃ
771 1321 826 1387 καὶ
845 1321 1042 1404 ξυμποσίοις

509 1431 590 1518 φίρε
607 1431 654 1513 τῷ
673 1426 842 1515 φαλακρῷ,
863 1420 920 1503 δὸς
936 1429 984 1511 τῷ
1002 1424 1161 1513 φαλακρῷ

507 1535 573 1597 τῶν
590 1530 790 1619 τρωγαλίων.

385 1650 507 1718 Dubito
524 1674 566 1717 an
582 1649 661 1715 haec
682 1649 805 1736 integre
827 1649 943 1735 scripta
965 1647 1041 1727 sint,
1063 1648 1275 1733 nequeenim
1299 1644 1357 1714 ἐπὶ

318 1758 521 1840 συμποσίοις
533 1752 596 1818 dici
612 1761 718 1839 potest
734 1775 791 1840 pro
810 1749 843 1819 ἐν
862 1756 1073 1835 συμποσίοις.
1119 1750 1358 1839 corrigendum

317 1861 417 1948 igitur
437 1858 548 1944 opinor
569 1851 628 1922 κᾶν
652 1862 863 1939 συμποσίοις.
907 1854 1056 1921 Mensam
1082 1866 1188 1921 autem
1213 1878 1281 1921 non
1309 1856 1358 1921 in-

318 1963 442 2050 telligo,
464 1972 500 2025 ut
516 1959 617 2026 voluit
632 1959 816 2037 Richterus‚
835 1959 875 2025 de
892 1981 1003 2026 mensa
1020 1958 1306 2024 nummulariorum
1324 1959 1360 2023 in·

320 2067 462 2133 sorores
486 2087 560 2129 suas
582 2062 759 2149 agentium,
785 2072 821 2127 ut
849 2084 961 2129 sensus
988 2062 1029 2128 sit
1050 2075 1078 2128 et
1096 2063 1181 2149 soris
1203 2074 1232 2127 et
1254 2066 1357 2138 ιίοιιιὶς

319 2169 393 2256 quis
424 2167 508 2233 enim
537 2188 677 2251 unquam
707 2165 753 2231 ita
778 2166 928 2249 loquutus
955 2175 1017 2244 est,
1047 2175 1084 2230 ut
1114 2166 1160 2231 sic
1184 2159 1356 2251 τράπεζαν

319 2270 502 2340 domesticis
529 2269 630 2357 epulis
657 2269 847 2356 opponeret?
883 2269 939 2335 sed
964 2267 1129 2357 τράπεζαν
1154 2268 1194 2335 de
1219 2269 1357 2355 privatis

321 2375 422 2464 epulis
444 2375 643 2460 interpretor,
666 2371 781 2457 quibus
805 2373 935 2459 opponit
954 2382 1049 2460 poeta
1071 2371 1244 2456 συμπόσια
1266 2372 1301 2438 h.
1328 2395 1356 2438 e.

319 2478 447 2567 publica
473 2476 630 2555 convivia,
663 2474 725 2542 bei
751 2475 868 2541 Tisoh
895 2476 969 2541 und
993 2474 1055 2542 bei
1081 2473 1356 2563 Gastgclagen

320 2582 390 2649 Nisi
404 2581 475 2667 quis
488 2580 569 2645 forte
582 2577 747 2667 τράπεζαν
760 2588 793 2644 et
806 2579 979 2662 συμπόσια
991 2602 1047 2666 per
1060 2580 1258 2646 notissimam
1271 2580 1358 2667 figu-

319 2708 389 2752 ram
408 2684 573 2750 coniuncta
590 2704 661 2749 esse
678 2680 777 2761 malit,
796 2682 886 2748 cuius
905 2684 1050 2770 exempla
1067 2683 1128 2750 alio
1144 2683 1214 2749 loco
1232 2684 1338 2751 attuli.

385 2786 554 2851 Praeterea
579 2785 612 2850 in
637 2784 708 2852 loco
735 2808 831 2873 supra
856 2787 1014 2873 adscripto
1041 2786 1123 2853 male
1152 2809 1203 2852 me
1233 2786 1356 2853 habent

321 2887 419 2955 verba
442 2892 522 2977 φέρε
546 2896 577 2953 et
599 2887 669 2968 δός,
698 2910 780 2973 quae
803 2899 908 2954 tamen
928 2889 1006 2955 nihil
1027 2890 1109 2956 inter
1130 2913 1165 2956 se
1186 2890 1355 2971 differunt3

320 2991 455 3076 etquid
482 2991 642 3076 estquod
667 2991 782 3058 chorus
809 2992 888 3058 nihil
913 3003 1036 3080 praeter
1062 2994 1211 3081 cupediae
1237 3005 1356 3081 poetae

320 3094 438 3182 apponi
455 3093 560 3159 iubet?
578 3117 674 3179 quare
692 3119 757 3162 non
774 3096 870 3175 male,
889 3097 1011 3183 opinor,
1030 3107 1104 3183 post
1122 3101 1202 3186 φέρε
1219 3104 1268 3185 τῴ
1287 3123 1355 3186 φα-

320 3200 431 3287 λακρῷ
449 3197 604 3264 excidisse
622 3199 742 3265 conieci
759 3203 825 3265 τῶν
844 3194 997 3288 ὀψαρίων
1015 3201 1065 3267 vel
1083 3201 1184 3267 simile
1202 3225 1332 3269 nomen.

769 3385 820 3442 Vs.
839 3386 899 3442 789.

450 3487 589 3580 ὄρτυγας
608 3489 794 3576 οἰκογενεῖς,
813 3490 1025 3578 γυλιαύχενας
1042 3488 1212 3582 ὀρχηστάς.

384 3612 599 3699 Ineptissime,
620 3612 647 3677 si
664 3611 742 3697 quid
759 3612 865 3691 video,
885 3612 1090 3680 Carcinorum
1109 3615 1248 3683 cervices
1266 3639 1357 3684 oom-

319 3725 470 3801 purantur
496 3738 568 3780 cum
594 3716 710 3802 γυλίιμ,
734 3739 814 3802 pero
838 3718 976 3782 militari.
1022 3714 1232 3784 Scribendum
1256 3720 1357 3807 igitur

320 3818 466 3883 existimo
493 3817 699 3903 γυιαύχενας,
727 3841 862 3904 quorum
888 3820 1026 3886 cervices
1048 3820 1166 3889 crebris
1187 3811 1269 3888 inter
1291 3825 1356 3891 sal-

318 3921 452 3986 tandum
477 3919 612 3988 flexibus
634 3927 727 4008 γυιαί
753 3932 933 4002 evaserunt,
963 3924 1029 3990 sive
1055 3925 1088 3990 id
1114 3948 1171 4012 per
1197 3921 1357 4008 ἀσθενεῖς

319 4022 478 4109 explicare
505 4022 598 4101 velis,
627 4025 694 4091 sive
721 4025 761 4091 de
787 4025 958 4094 incurvatis
985 4027 1160 4094 cervicibus
1183 4029 1355 4117 intelligas.

321 4126 390 4194 cfr.
427 4125 643 4194 Callimachus
682 4127 778 4195 Dian.
821 4130 893 4196 177.
932 4136 1025 4216 γυιαί
1064 4155 1100 4198 τε
1139 4133 1196 4199 καὶ
1234 4128 1356 4216 αὐχένα

318 4241 501 4317 κεκμηυῖαι.
