2859 4909
295 377 339 441 72
740 380 891 439 NUBES.

397 541 462 600 ΣΩ.
489 526 603 614 βούλει
619 521 663 591 τὰ
680 527 764 589 θεῖα
782 518 946 613 πράγματ’
963 522 1085 592 εἰδέναι
1104 531 1223 613 σαφῶς

398 628 466 701 ἅττ’
484 629 589 712 locta·
625 636 690 734 ET.
711 623 809 715 ὀργῶ,
829 624 866 714 νὴ
885 621 951 708 Δί’,
973 626 1066 714 εἴπερ
1086 626 1157 696 ἐ’σνι
1173 654 1220 716 γε.
1251 725 1254 730 Γ

361 772 464 841 Cuius
490 765 720 835 emendationis
746 764 965 831 fideiussorem
992 766 1097 853 ipsum
1123 766 1227 835 habeo
1253 770 1334 835 Ari-

294 878 481 965 stophanem
508 870 573 937 Av.
601 871 675 936 462.
707 869 763 935 ubi
790 868 885 935 choro
912 869 1029 935 dicenti
1054 871 1127 957 λέγε
1153 872 1334 962 θαρρήσας

293 979 511 1048 Pisthetaerus
537 974 709 1062 respondet
735 974 790 1039 καὶ
816 970 879 1060 μὴν
906 969 995 1059 ὀργῶ
1016 970 1053 1062 νὴ
1075 972 1133 1041 τὸν
1151 980 1227 1041 Δία.
1275 975 1332 1043 Of.

292 1081 519 1152 Ruhnkenium
546 1079 587 1145 ad
614 1078 698 1143 Tim.
726 1099 757 1163 p.
783 1076 855 1142 194.
899 1076 1064 1143 Revocant
1089 1077 1167 1143 mihi
1192 1078 1274 1146 haec
1296 1080 1335 1146 in

292 1187 476 1256 memoriam
494 1192 731 1249 controversum
748 1178 904 1267 Aeschyli
926 1179 1031 1246 locum
1048 1181 1167 1269 Agam.
1186 1183 1263 1249 216.
1283 1184 1333 1251 sic

291 1293 325 1360 ni
347 1290 527 1358 coniectura
547 1285 629 1351 fallit
646 1282 860 1351 scribendum:
888 1288 1101 1369 παυσανέμου
1119 1282 1181 1372 γὰρ
1199 1292 1332 1367 θυσίας

292 1397 479 1482 παρθενίου
510 1385 550 1455 θ’
576 1387 718 1471 αἵματος
749 1384 832 1475 ὀργᾷ
862 1393 1048 1476 περιοργιῦς
1076 1393 1186 1474 θέμις,
1224 1391 1330 1457 eiecto

292 1499 378 1585 quod
412 1494 584 1584 genuinam
618 1513 730 1557 vocem
765 1490 885 1578 expulit
922 1489 1116 1577 glossemate
1151 1490 1330 1578 ἐπιθυμεῖ.

290 1600 482 1687 Intelligitur
507 1595 569 1661 hoc
591 1616 608 1660 c
634 1593 744 1682 glossa
768 1593 926 1681 Hesycbii
948 1590 1054 1683 Ὀργᾷ·
1082 1593 1331 1680 ἐπιτεταμένως

290 1703 462 1786 ἐπιθυμεῖ.
934 1709 937 1714 ’

740 1883 791 1939 Vs.
809 1883 869 1939 337.
989 1926 995 1937 .

353 2006 410 2079 εἶτ’
428 2006 559 2099 ὀερίους
577 2003 706 2094 ὀιερσός
723 2003 879 2094 γαμψοὺς
897 2003 1033 2086 οἰωνοὺς
1051 2004 1246 2098 ἀερονηχεῖς.

351 2150 424 2216 Non
454 2145 619 2214 ferendum
649 2145 760 2232 putavi
791 2167 866 2211 aves
893 2144 971 2211 istas
997 2145 1031 2210 in
1057 2168 1120 2212 uno
1147 2148 1328 2237 eodemque

288 2264 444 2323 commate
461 2251 525 2318 dici
542 2247 674 2337 ἆερίους
691 2258 725 2316 et
742 2245 939 2335 ἀερονηχεῖς.
982 2248 1095 2338 Itaque
1113 2273 1170 2337 pro
1189 2248 1328 2342 ὀερίους

288 2357 489 2426 scribendum
529 2376 643 2421 censeo
682 2350 870 2443 αἰθερίονς,
910 2363 965 2418 aut
1000 2351 1228 2443 αἰθερονηχεῖς
1264 2382 1327 2445 pro

287 2472 482 2550 αερονηχεῖς.

737 2639 787 2698 Vs.
806 2642 866 2696 450.

480 2766 635 2857 στρόφις,
655 2762 827 2854 ἀργαλέος,
846 2767 1092 2850 ματτοολοιχός,

350 2903 406 2972 Sic
432 2927 450 2970 e
477 2904 613 2971 Bentleii
640 2903 857 2969 emendatione
887 2904 1007 2969 editum
1039 2916 1087 2971 est
1117 2931 1174 2995 pro
1200 2935 1325 2994 ματιο-

284 3008 405 3092 λοιχός.
452 3006 539 3092 Quid
561 3005 708 3092 μαιιόαν
730 3006 911 3072 vocaverint
934 3004 1050 3075 Graeci
1070 3021 1180 3076 notum
1203 3026 1252 3080 est
1281 3040 1325 3084 ex

284 3111 452 3178 Athenaeo
486 3110 584 3177 XIV.
621 3133 653 3197 p.
685 3110 759 3175 663.
795 3108 964 3195 multisque
998 3134 1100 3179 novae
1136 3119 1324 3188 comoediae

284 3213 466 3283 auctoribus
502 3213 542 3280 ab
573 3213 741 3279 Athenaeo
776 3214 1043 3295 commemoratis3
1078 3218 1166 3302 atqui
1201 3221 1324 3291 diserto

281 3318 442 3385 Athenaei
455 3317 634 3384 testimonio
648 3326 781 3394 constat,
800 3315 861 3382 hoc
874 3316 970 3382 edulii
984 3341 1085 3406 genus
1099 3319 1322 3394 Macedonicis

281 3425 410 3491 demum
433 3419 628 3508 temporibus
645 3418 783 3486 Athenis
806 3419 927 3485 illatum
945 3443 1027 3487 esse.
1071 3422 1138 3491 Nec
1156 3429 1259 3515 magis
1280 3432 1323 3497 de

281 3526 495 3614 metaphorico
526 3524 621 3589 huius
652 3523 788 3590 nominis
819 3545 881 3588 usu
907 3534 1039 3590 constat.
1093 3526 1185 3612 Quae
1212 3536 1323 3601 omnia

281 3631 436 3697 eiusmodi
467 3638 541 3695 sunt
571 3637 608 3693 ut
634 3627 674 3692 de
700 3626 928 3693 emendationis
955 3627 1160 3697 Bentleianae
1186 3635 1321 3703 veritate

280 3731 482 3798 vehementer
504 3730 647 3797 dubitare
669 3730 771 3796 liceat.
816 3731 929 3815 Itaque
953 3730 1052 3798 sires
1075 3733 1198 3822 integra
1221 3751 1319 3820 esset,

191 3893 197 3897 .
280 3835 426 3919 equidem
453 3836 494 3900 ad
520 3844 658 3900 veterem
684 3834 830 3918 quamvis
857 3844 1036 3922 corruptam
1058 3838 1245 3925 scripturam
1268 3867 1320 3910 re-

279 3937 393 4015 direm,
421 3959 516 4022 quam
539 3938 634 4004 etiam
655 3936 876 4003 Herodianum
897 3938 931 4002 in
953 3961 1012 4007 suo
1034 3939 1115 4007 libro
1136 3946 1318 4031 repperisse

279 4064 297 4107 e
325 4040 446 4107 scholio
473 4041 514 4106 ad
540 4041 571 4106 h.
598 4041 620 4106 1.
648 4041 842 4129 intelligitur.
890 4040 1040 4109 Fortasse
1067 4044 1196 4131 scripsit
1221 4060 1319 4134 poeta

277 4142 529 4227 καττυολοιχός,
571 4145 658 4229 quod
692 4145 732 4210 de
767 4142 967 4212 fraudulento
1002 4146 1216 4216 machinatore
1252 4153 1317 4218 dici
1405 4161 1407 4166 ’

277 4250 389 4338 potuit.
