2859 4909
519 332 677 388 RANAE.

523 469 575 526 Vs.
594 470 671 524 1175.

244 598 442 679 οεθνηκοσιν
459 588 521 680 γὰρ
541 590 660 679 ἔλεγεν,
681 581 708 657 ὦ
726 592 877 681 μοχθηρὲ
895 591 947 659 ού.

149 713 289 779 Fuerunt
306 713 361 798 qui
378 713 457 778 haec
470 710 635 800 Aeschylo
653 712 857 800 adsignarent
862 738 872 793 ;
890 724 923 779 st
935 712 1120 802 Aeschylus

37 815 38 858 l
95 816 164 882 nihil
184 838 325 901 unquam
346 816 445 901 inepti
467 815 700 901 interloquitur,
723 838 819 901 quem
842 816 870 881 si
887 816 1121 905 Aristophanes

96 919 290 1006 tautologiam
312 918 421 985 κλύειν
444 914 585 986 ἀκοῦσαι
607 927 814 985 excusantem
831 918 883 984 vel
900 919 1122 986 defendentem

37 1005 38 1062 l
96 1021 171 1100 feeit,
188 1022 375 1088 crediderim
383 1022 490 1110 potius
499 1022 655 1088 excidisse
664 1044 801 1100 versum,
820 1044 928 1108 quose
939 1020 1125 1089 defenderat

99 1125 254 1191 acrimine
272 1125 474 1212 tautologiae.
514 1125 562 1189 At
578 1123 657 1190 nihil
676 1125 802 1203 excidit,
821 1147 859 1199 ec
875 1125 1046 1212 prudenter
1062 1125 1124 1192 hoe

99 1228 220 1294 instituit
236 1239 341 1316 poeta,
359 1238 404 1307 ut,
423 1249 497 1293 cum
512 1228 592 1293 nihil
609 1227 740 1295 haberet
752 1227 935 1314 Aeschylus
947 1250 1012 1313 quo
1031 1252 1124 1295 suum

100 1331 168 1396 illud
183 1331 289 1398 κλύειν
308 1326 450 1398 ἀκοῦσαι
467 1352 619 1398 excusare
636 1340 761 1417 posset,
779 1331 949 1398 iocularem
967 1331 1126 1397 defensio-

102 1456 165 1500 nem
180 1434 328 1521 Dionyso
344 1435 546 1520 relinqueret.

37 1563 38 1590 r

531 1603 582 1658 Vs.
602 1603 679 1657 1209.

238 1729 333 1794 τουτὶ
350 1732 385 1794 τί
400 1716 439 1813 ἦν
456 1724 495 1793 τὸ
514 1725 673 1812 ληκύθιον
678 1754 690 1808 ,·
713 1721 751 1792 οὗ
770 1725 945 1794 κλαύσεται
951 1755 962 1811 ,·

155 1847 251 1914 Ηοοο
278 1869 406 1914 versum
430 1848 548 1914 rectius
579 1847 633 1913 ulii
662 1845 735 1912 libri
759 1846 908 1933 Dionyso
934 1848 1128 1927 continuant,

103 1948 181 2017 cuius
197 1951 328 2039 ingenio
345 1951 459 2017 melius
478 1952 624 2018 convenit
637 1972 733 2035 quarn
747 1949 904 2038 Euripidi,
923 1951 978 2034 qui
991 1950 1050 2017 etsi
1064 1973 1129 2016 non

105 2075 164 2119 eam
180 2055 369 2142 gravitatem
385 2076 462 2141 prae
477 2076 512 2120 se
526 2054 597 2131 sert,
616 2076 712 2139 quam
725 2052 889 2139 Aeschylo
901 2062 996 2138 poeta
1009 2051 1128 2131 tribuit,

105 2179 254 2242 nunquam
273 2167 381 2223 tamen
399 2155 440 2222 ad
458 2157 620 2223 scurrilem
637 2156 844 2243 petulantiam
863 2153 1028 2221 delebitur.

537 2344 587 2400 Vs.
606 2343 683 2397 1227.

219 2455 247 2531 ὦ
266 2461 407 2549 δαιμόνι’
424 2460 566 2553 ἀνδρῶν,
589 2460 750 2553 ἀποπρίω
768 2461 826 2551 τὴν
844 2463 999 2552 λήκυθον.

162 2584 198 2653 Si
212 2596 300 2653 recte
316 2585 370 2651 hic
389 2585 541 2672 scriptum
560 2595 609 2652 est
626 2581 798 2673 ἀποπρίω,
815 2584 997 2651 necessario
1012 2584 1046 2650 in
1062 2584 1131 2649 Eu-

107 2688 204 2775 ripidis
218 2712 315 2756 versu
332 2687 425 2755 1229.
443 2711 501 2775 pro
520 2685 584 2774 ἐγὼ
602 2692 756 2776 πρίωμαι
768 2688 855 2775 τῷδε
867 2686 1069 2754 scribendum
1083 2698 1132 2755 est

109 2787 361 2881 ἒνώποπρίιομαι
378 2792 476 2879 τῷδε.
512 2790 587 2856 Ηοο
603 2790 744 2877 postulat
762 2801 912 2858 constans
931 2802 963 2857 et
979 2802 1133 2879 perpetus

108 2893 151 2960 lex
166 2895 291 2983 dialogi.
334 2892 401 2961 Sed
418 2894 528 2961 dubito
546 2895 587 2960 de
604 2893 701 2961 verbo
720 2890 947 2983 ἆποπρίομοιι,
966 2895 1051 2980 quod
1069 2917 1133 2960 non

109 2999 197 3085 magis
219 2997 341 3065 dictum
363 3020 435 3065 csse
456 2998 582 3064 videtur
603 3019 700 3081 quam
727 2992 942 3065 ἅπιονιῖοθοιι
967 2998 1020 3063 vel
1047 2994 1136 3064 ἀπο-

110 3103 230 3184 πολεῖν.
275 3100 360 3167 Esm
378 3101 419 3167 ob
438 3123 568 3167 causam
585 3100 658 3166 vide
676 3124 719 3165 an
736 3101 908 3188 legendum
927 3102 986 3165 sit:

220 3211 409 3305 οἷ’δοιιμόνί
425 3218 567 3310 ἀνδρῶν,
587 3215 646 3307 ἄγε
664 3226 754 3308 πρίω
772 3219 830 3307 τὴν
848 3219 1002 3307 λήκυθον.

37 3515 38 3536 2
167 3444 260 3529 Quod
277 3468 354 3512 mox
370 3446 513 3531 sequitur
530 3467 667 3523 carmen,
685 3444 719 3509 in
737 3465 775 3510 eo
793 3443 928 3530 duplicis
940 3441 1135 3509 recensionis

37 3549 38 3602 l
114 3548 235 3635 vestigio
255 3571 321 3615 non
341 3549 463 3637 primus
485 3548 706 3615 animadvertit
724 3546 938 3613 Hamalrerus.
982 3543 1034 3610 Ac
1058 3568 1134 3611 saue

115 3646 1135 3739 mmmmmfflffimwwn

114 3750 143 3816 in
154 3755 251 3840 prima
268 3756 333 3820 ism
350 3755 469 3821 dictum
487 3756 537 3821 sit.
579 3752 646 3821 Sed
662 3754 769 3840 ipsum
787 3775 916 3819 carmen
932 3752 1127 3819 adscribamz

272 3881 340 3936 1251
358 3880 393 3942 τί
409 3898 493 3942 ποτε
510 3879 649 3961 πρᾶγμα
665 3872 836 3960 γενήσεται
842 3901 856 3956 ,-

358 3978 543 4066 φροντίζειν
560 3974 622 4065 γὰρ
641 3972 732 4063 ἔγωγ’
750 3974 823 4059 ἔχω,

359 4076 417 4148 τίν’
434 4078 499 4169 ἄρα
515 4084 644 4167 μέμψιν
663 4077 795 4146 ἐποίσει

360 4179 454 4273 ἀνδρὶ
471 4189 518 4272 τῷ
537 4180 623 4250 πολὺ
642 4184 785 4250 πλεῖστοι
804 4183 843 4271 δή

160 4301 260 4354 ίίιίιιοίιο,
278 4303 507 4358 λ’ὶιιιίίοἱοολιίιίορίι.
880 4286 921 4350 12
