2859 4909
316 351 380 419 126
685 366 981 428 LYSISTBATA.

312 505 403 573 initio
433 528 518 575 ποτε
558 507 746 597 supplebanr
781 519 814 576 ct
848 531 907 597 pro
937 505 1117 597 deprimetur
1150 513 1344 582 coniciebam

313 605 492 704 άκράπολι,
520 610 555 678 id
572 622 606 678 ut
628 612 819 680 adiectivum
842 623 942 692 esset3
964 613 999 680 in
1020 613 1108 682 hiatu
1129 637 1194 683 non
1215 616 1344 684 haeren-

311 711 390 778 dum
408 724 466 780 est
511 712 570 781 Vs.
588 714 663 782 574.
683 715 719 784 δὲ
737 715 906 782 delendum
924 728 981 784 est.

766 886 815 942 Vs.
834 887 896 942 531.

527 991 606 1078 περὶ
622 987 680 1078 τὴν
696 990 858 1081 κεφαλήν,·
879 991 926 1077 μή
943 1017 999 1059 νυν
1016 991 1113 1079 ζῴην·

527 1103 622 1162 ΛΥΣ.
642 1088 711 1161 ἀλλ’
727 1092 758 1162 εί
774 1090 861 1162 τοῦτ’
876 1092 1039 1179 ἐμπόδιόν
1058 1117 1128 1162 σου.

378 1212 471 1281 Ηεευ
502 1214 598 1302 vulgo
628 1214 670 1280 ad
696 1237 796 1281 unum
823 1224 1037 1284 tetrametrum
1068 1215 1236 1282 coniuncta
1261 1226 1359 1282 sunt*

204 1363 209 1378 .
312 1316 393 1384 Inde
419 1341 439 1384 a
464 1340 514 1390 vs.
534 1317 609 1384 531.
633 1328 774 1406 systema
795 1317 992 1385 dimetricum
1014 1317 1123 1397 ordiri,
1152 1318 1205 1385 cui
1229 1319 1300 1385 inde
1320 1343 1337 1384 a

312 1443 361 1487 vs.
378 1420 456 1488 598.
472 1419 677 1508 antisystema
693 1422 874 1509 respondet,
892 1420 1044 1488 intellexit
1056 1419 1221 1510 Engerus,
1239 1422 1336 1488 minus

311 1522 516 1612 probabiliter
528 1533 644 1604 tamen,
661 1534 697 1590 ut
709 1523 877 1591 dimetrum
891 1524 1078 1603 restitueret,
1096 1524 1259 1614 corrigens
1273 1520 1334 1590 ἀλλ’

311 1625 343 1695 εί
359 1631 454 1694 τουτί
471 1620 581 1694 σοῦστ’
597 1623 769 1710 ἐμπόδιον,
788 1649 861 1693 cum
878 1637 988 1715 posset
1004 1628 1105 1694 lenius
1124 1623 1196 1696 ἀλλ’
1212 1627 1242 1695 εἰ
1255 1622 1333 1694 τοῦτ’

310 1728 475 1813 ἐμπόδιόν
493 1725 637 1797 σοῦστιν.
681 1729 722 1796 Ια
740 1730 945 1817 sequentibus
963 1730 1121 1797 versibus:

482 1843 560 1935 παρ’
578 1846 658 1933 ἐμοῦ
675 1851 769 1916 τουτὶ
785 1847 824 1917 τὸ
842 1849 996 1935 κάλυμμα
1014 1848 1123 1936 λαβὼν

481 1950 533 2036 ixa
550 1952 606 2019 καλ
623 1956 770 2040 περίθου
788 1955 867 2043 περὶ
884 1951 941 2041 τὴν
957 1952 1110 2042 κεφαλήν,

481 2044 566 2144 κᾷτα
583 2053 700 2123 σιώπα
718 2094 760 2105 -

308 2178 343 2244 in
372 2176 422 2245 his
453 2176 550 2266 igitur
579 2198 637 2264 pro
669 2179 815 2263 περίθου
843 2177 951 2244 nescio
977 2201 1018 2244 an
1042 2178 1158 2246 rectius
1187 2175 1331 2246 scribatur

186 2311 196 2330 ·
308 2280 463 2370 περιδοῦ,
498 2279 655 2367 siquidem
689 2277 733 2346 τὰ
767 2277 921 2365 κάλυμμα
950 2280 1067 2348 fasciae
1098 2280 1215 2349 instrat
1244 2280 1328 2367 capiti

307 2385 413 2472 potius
447 2381 708 2471 circumligabant
738 2381 886 2451 mulieres
920 2405 1016 2469 qnam
1050 2384 1328 2475 circumponebant.

306 2486 417 2555 Verba
436 2476 521 2576 κᾷτα
547 2485 662 2554 σιώπα
687 2485 878 2574 paroemiaci
901 2486 1049 2573 reliquias
1075 2489 1235 2555 continere
1258 2484 1329 2552 vidit

306 2589 471 2679 Engerns,
488 2612 616 2656 versum
633 2588 718 2655 hunc
735 2589 780 2655 ita
795 2588 953 2677 refingens
971 2585 1034 2657 ὡδὶ
1050 2585 1196 2659 κάπιιτα
1213 2589 1327 2659 σιώπα.

304 2692 399 2778 Quae
425 2691 503 2759 cum'
524 2693 644 2759 incerta
670 2692 711 2758 sit
735 2691 873 2773 medela,
899 2692 996 2759 malui
1021 2692 1169 2761 lacunam
1190 2694 1325 2768 indicare,

304 2795 490 2884 praesertim
511 2816 584 2860 cum
605 2794 775 2882 posthaec
791 2794 889 2862 verba
906 2817 1005 2862 unum
1022 2819 1151 2866 versum
1169 2821 1191 2864 a
1207 2795 1325 2863 muliere

303 2899 406 2987 prima
431 2897 596 2965 recitatum
622 2897 780 2965 excidisse
806 2909 890 2966 reete
917 2899 1073 2966 monuerit
1094 2898 1257 2988 Engerus,
1282 2918 1325 2963 se·

301 3013 453 3090 quantem
486 3022 632 3079 versum,
667 3001 724 3086 qui
757 3001 856 3089 vulgo
891 3001 1090 3089 Lysistratus
1124 3005 1322 3076 continuatur,

300 3105 392 3173 alteri
407 3102 532 3171 mulieri
549 3102 702 3170 tribuens.
746 3101 787 3170 ln
800 3126 838 3171 eo
851 3115 957 3171 autem
970 3103 1038 3170 falli
1050 3105 1145 3172 credo
1158 3105 1322 3195 ungerem,

299 3207 388 3297 quod
409 3229 521 3275 versus
544 3206 627 3287 eius,
649 3228 745 3292 quem
766 3208 868 3295 prima
889 3207 1003 3276 mulier
1024 3208 1224 3291 recitaverat,
1249 3208 1321 3274 hanc

300 3312 488 3381 sententiam
505 3310 605 3377 fuisse
623 3309 703 3376 dixit
720 3312 775 3377 καὶ
791 3312 924 3398 ταυτηνὶ
942 3311 1022 3396 λαβὲ
1039 3309 1097 3399 τὴν
1119 3311 1235 3402 ζώνην,
1257 3330 1320 3376 oum

299 3414 495 3504 probabilius
512 3414 554 3481 sit
569 3413 735 3508 mulierem
751 3413 846 3479 istam
862 3413 982 3500 aliquid
998 3414 1086 3499 quod
1103 3415 1145 3481 ad
1160 3413 1319 3482 lanificium

300 3528 458 3606 spectaret
474 3516 609 3596 dixisse,
632 3539 660 3584 e.
679 3538 707 3583 c.
725 3517 782 3582 καὶ
798 3514 894 3583 τόνδε
910 3516 1015 3586 πόκον
1034 3516 1126 3601 δέξαι
1143 3509 1222 3607 παρ’
1238 3513 1317 3600 ἐμοῦ,

298 3620 350 3687 vel
368 3620 455 3687 eliud
470 3619 548 3706 quid
564 3620 597 3686 in
615 3619 749 3686 eandem
767 3618 965 3686 sententiam.

749 3789 800 3846 Vs.
817 3788 877 3844 539.

353 3888 505 3977 ductae?
520 3882 548 3959 ὦ
565 3906 714 3980 γυναῖκες
732 3890 801 3961 άπὸ
819 3898 885 3987 τῷν
902 3894 1085 3976 καλπίδων,
1110 3890 1207 3975 ὅπως
1224 3889 1261 3961 dr

354 3990 387 4060 ἐν
404 3998 453 4079 τῷ
469 3998 563 4082 μίρει
577 3991 694 4084 χήμεῖς
710 4024 745 4068 τι
761 4009 835 4077 ταῖς
853 3997 987 4086 φίλαισι
1005 3996 1226 4083 συλλάβωμεν.

360 4113 409 4178 Ita
433 4113 460 4178 si
482 4112 562 4180 haec
584 4116 701 4202 scripta
723 4117 757 4183 in
774 4116 936 4184 codicibus
953 4119 1146 4207 legerentur,
1168 4116 1314 4185 neminem
1402 4121 1403 4124 ’

293 4239 371 4284 sane
389 4213 599 4283 offenderent:
622 4217 748 4286 codices
765 4230 873 4287 autem
891 4217 1021 4310 αἴρεσθ’
1040 4219 1171 4301 habent,
1191 4214 1314 4307 quodin
