2859 4909
764 347 915 406 NUBES.

771 487 822 544 Vs.
840 484 900 541 795.
995 500 998 506 ’

473 591 506 658 εἴ
521 596 578 659 σοί
592 617 644 671 τις
663 590 734 671 οἷός
752 589 840 659 ἐστιν
859 590 1128 681 ἐκτεθραμμένος,
1156 597 1159 601 ’

472 699 617 779 πέμπειν
633 692 755 762 ἐκεῖνον
773 690 845 761 ἀντὶ
863 700 987 762 σαυτοῦ
1005 695 1201 781 μανθάνειν.

385 816 458 882 Non
483 815 558 894 hoc,
584 815 710 902 opinor,
740 813 943 902 Strepsiadae
970 816 1135 882 consilium
1161 817 1277 885 Nubes
1304 818 1356 883 de-

321 920 448 997 derunt,
471 928 507 983 ut
526 918 664 983 mitteret
685 918 712 984 si
735 940 831 1003 quem
851 918 981 985 haberet
999 920 1097 985 filium
1116 920 1279 1000 adultum,
1302 922 1354 986 sed

323 1022 452 1090 sibene
474 1021 658 1101 educatum3
684 1021 830 1088 hino'est
854 1022 939 1107 quod
960 1025 1131 1110 respondet
1153 1022 1356 1111 Strepsiades

322 1121 391 1191 aar
408 1120 472 1192 ἴστ’
488 1123 564 1208 ἐμοί
579 1119 607 1210 y’
622 1121 695 1203 υἱὸς
712 1124 813 1203 καλός
829 1148 866 1192 τε
882 1120 1044 1213 κάγαθός.
1089 1125 1200 1211 Quare
1219 1126 1354 1193 scriben-

322 1230 398 1294 dum
416 1228 539 1294 videtur
556 1217 594 1294 εὖ
610 1231 848 1316 τεθραμμένος.
996 1279 1001 1282 -

386 1348 444 1416 Vs.
468 1348 541 1415 803.
573 1343 642 1413 ἀλλ’
664 1345 884 1432 ἐπανάμεινον
910 1346 942 1434 μ’
963 1344 1072 1437 ὀλίγον
1100 1347 1266 1417 εἰσελθὼν
1292 1349 1352 1430 (alii

322 1450 483 1520 ἐνταυθοῖ
499 1452 566 1518 sive
588 1452 696 1537 potius
720 1448 870 1534 ἐνταυθὶ)
890 1451 1007 1538 χρόνον
1028 1476 1069 1519 ex
1091 1453 1163 1520 843.
1189 1453 1351 1540 repetitum

321 1556 389 1623 iure
405 1554 590 1642 proscripsit
605 1554 764 1620 Kockius.
1085 1559 1088 1567 '

772 1724 821 1779 Vs.
840 1724 900 1780 816.

446 1823 505 1895 οὐκ
522 1817 558 1895 εὖ
576 1840 725 1916 φρονεῖς,
743 1825 792 1913 μὰ
808 1827 866 1895 τὸν
884 1834 950 1897 Δία
967 1825 1024 1897 τὸν
1039 1825 1225 1916 Ὀλύμπιον.

383 1948 785 2036 Perinepte'Symmachus
808 1960 889 2015 teste
911 1950 1080 2017 scholiasta
1101 1951 1142 2016 ad
1159 1976 1211 2019 vs.
1230 1952 1301 2019 818.
1317 1950 1348 2014 iu

320 2059 386 2122 Δία
408 2053 551 2118 ultimam
572 2052 705 2139 produci
729 2062 890 2119 statuerat.
934 2053 1092 2141 Apertum
1115 2066 1164 2121 est
1188 2055 1347 2143 scripsisse

319 2167 445 2245 poetam
467 2153 515 2241 μὰ
536 2153 593 2223 τὸν
615 2151 669 2223 Δί’
691 2152 729 2222 οὗ
752 2153 809 2224 τὸν
827 2153 1014 2240 Ὀλύμπιον,
1043 2159 1083 2224 de
1105 2181 1168 2244 quo
1192 2161 1256 2225 iam
1277 2158 1345 2224 olim

318 2261 482 2340 admonui,
517 2259 725 2347 probavitque
758 2259 791 2324 iu
822 2260 996 2326 novissima
1025 2262 1161 2328 editione
1192 2262 1342 2329 Kockius.

317 2365 458 2431 Praetuli
475 2364 536 2430 hoo
553 2363 730 2429 Hermanni
748 2373 925 2430 commento
943 2360 1000 2430 οὐκ
1019 2353 1054 2431 εὖ
1072 2378 1207 2453 φρονεῖς
1224 2390 1285 2444 τοι,
1301 2359 1346 2447 μὰ

317 2466 375 2535 τὸν
389 2464 563 2551 Ὀλύμπιον
581 2471 656 2534 Δία.

768 2634 818 2691 Vs.
837 2636 897 2692 846.

425 2736 496 2829 φέρ’
513 2740 590 2821 too,
610 2737 650 2806 σὺ
668 2745 786 2808 τοῦτον
803 2746 876 2807 τίνα
894 2740 1052 2826 νομίζεις,·
1071 2740 1146 2809 εἰπέ
1162 2768 1233 2826 μοι.

380 2859 566 2947 Legebatur
586 2865 685 2927 τοῦτο
707 2865 781 2928 τίνα
804 2861 961 2946 νομίζειςς
982 2862 1142 2928 inchoavit
1163 2863 1226 2930 loci
1244 2883 1342 2928 emen·

316 2966 476 3031 dationem
499 2962 663 3030 Mehlerus
681 2964 803 3031 Mnem.
822 2965 850 3030 Ι.
869 2991 900 3051 p.
918 2966 993 3031 421.
1013 2966 1174 3053 corrigens
1196 2962 1254 3035 τίν’
1275 2960 1340 3031 ὀνο-

316 3068 446 3153 μάζειςς
471 3067 552 3133 Rev.
575 3070 705 3134 τουτονὶ
728 3068 879 3151 νομίζεις.
924 3067 1073 3135 Debebat
1090 3075 1207 3137 τοῦτον
1224 3075 1257 3136 τί
1273 3064 1339 3135 ὀνο-

314 3171 443 3257 μάζεις,
467 3171 554 3255 quod
576 3193 686 3237 verum
704 3194 776 3238 esse
795 3173 958 3257 sequentia
975 3173 1144 3237 ostendunt
1160 3173 1291 3261 ταυτηνὶ
1307 3167 1339 3234 δὲ

315 3284 363 3353 τίς
406 3275 581 3344 verissime
600 3285 705 3341 autem
725 3270 896 3360 ὀνομάζεις
913 3276 1048 3341 restituit
1065 3274 1239 3343 Mehlerus.

765 3462 815 3518 Vs.
834 3463 895 3517 860.

730 3562 818 3654 κᾶγώ
837 3572 891 3634 τοί
907 3591 1000 3648 ποτε,

443 3669 519 3754 οἶδ’,
540 3670 641 3753 ἑξέτει
659 3694 714 3738 σοι
731 3673 942 3756 τραυλίσαντι
958 3669 1145 3753 πιθόμενος
1162 3708 1205 3719 —-

377 3793 465 3859 Male
482 3792 580 3880 vulgo
598 3788 674 3859 οἶδα
693 3815 765 3858 cum
783 3790 970 3876 πιθόμενος
989 3790 1202 3878 coniungitur,
1221 3787 1336 3857 memini

312 3920 359 3961 me
377 3898 433 3961 titi
450 3900 605 3982 quondam
622 3898 793 3963 obsecutum
810 3919 885 3973 evae,
909 3917 990 3980 quae
1012 3916 1062 3961 res
1080 3902 1216 3977 quantas
1234 3891 1334 3960 turbas

312 3998 495 4066 excitaverit
525 3998 617 4064 docet
648 3999 826 4065 Hermauni
857 3999 897 4063 ad
924 3998 955 4063 h.
982 3997 1003 4064 l.
1032 3998 1200 4064 annotatio.
1247 3995 1333 4063 Clara

312 4102 417 4169 omnia
435 4110 467 4170 et
483 4102 664 4187 perspicua,
689 4103 716 4168 si
735 4098 811 4169 οἶδα
827 4101 1041 4187 parenthetice
1063 4101 1184 4166 illatum
1207 4110 1330 4168 statuast

312 4206 370 4273 sed
386 4204 501 4272 rectius
520 4204 655 4270 sortasse
673 4205 820 4272 Koekius
840 4205 965 4291 scripsit
984 4199 1086 4271 οἷσθ’.
1193 4263 1201 4266 .
